2680 4690
329 268 390 344 soa
431 219 1297 344 sabratensemsmrmuasronusmnntu

178 481 317 552 (lm-677·
328 473 487 558 ademptis
512 449 619 538 soluta*
634 473 740 556 legio,
772 467 959 554 militesque
979 469 1015 532 in
1037 483 1216 534 ceterarum
1236 493 1298 558 sup·
1319 507 1320 510 =

175 554 209 606 A·
227 553 260 608 ⁰·
273 553 317 619 75·
330 555 527 640 piamentum
549 554 714 618 distributi
735 566 820 615 sunt.

180 687 319 744 Sum„
392 663 492 726 XVll.
514 664 550 746 ln
563 659 718 744 Hispania
732 659 773 756 Q.
783 656 935 754 Metellus
952 669 985 754 et
1000 657 1237 742 Cn.Pompejus
1249 658 1298 719 im·

142 769 267 814 musam
282 755 499 826 separatores
517 744 634 804 iterum
651 763 668 802 a
682 743 857 822 Pyrenaeus
874 741 1035 802 montibus
1055 739 1094 800 ad
1110 737 1227 802 llumeu
1240 741 1298 802 lbr-

143 826 290 881 crudeliu-
330 845 401 886 rum
419 823 515 885 callra
531 837 712 886 moverunt.
753 824 827 883 Hoc
846 821 993 904 tempore
1014 841 1111 911 quum
1131 821 1222 883 multi
1237 823 1298 884 sub-

131 939 132 944 =
143 909 206 951 im·

329 907 406 967 inde
421 906 459 966 ad
474 905 636 967 Metellum
653 903 912 987 transfugerent,
933 909 1056 964 mutar'e
1071 902 1213 986 priorem
1224 925 1299 964 man-

329 987 531 1048 suetudinem
558 987 724 1049 Sertorius
747 984 920 1069 praecipiti
945 983 985 1044 ed
1007 997 1128 1066 poenas
1149 985 1320 1066 iracundia}

240 1103 243 1116 ·
327 1070 455 1164 coepit,
484 1069 633 1152 plurimis
659 1068 834 1128 amicorum
863 1079 896 1127 et
919 1085 1027 1128 secum
1053 1065 1299 1162 proscriptorum

326 1169 462 1211 crimme
480 1151 675 1232 proditionis
693 1148 908 1232 interemptis.
949 1147 1040 1208 Unde
1057 1149 1220 1230 paullatim
1234 1148 1298 1210 odio
1319 1191 1320 1200 η

326 1231 390 1292 είΤε
416 1231 591 1304 exercitui,
623 1245 657 1292 et
684 1228 820 1290 vicillim
844 1229 935 1289 illum
963 1243 1172 1312 suspectare:
1205 1249 1300 1314 neque

326 1313 422 1374 animi
442 1313 578 1400 priores
590 1311 764 1382 militibus,
789 1331 895 1394 neque
912 1310 986 1371 duci
1005 1310 1177 1372 consilium
1195 1312 1263 1373 elle.

54 1496 56 1500 ,
172 1433 239 1488 Pius
257 1448 312 1486 m-
386 1417 500 1483 XVlll.
520 1403 840 1496 lllaximemoleliurn
855 1415 1009 1476 Romanis
1025 1427 1112 1485 crat,
1134 1414 1219 1497 quod
1236 1411 1320 1498 plus?

145 1505 188 1560 dis
213 1503 312 1558 tarta·
326 1497 471 1561 barbaria
483 1497 834 1574 Sertorius'crederet3
856 1497 916 1558 hos
934 1497 1068 1560 haberet
1081 1493 1224 1558 custodes
1236 1517 1300 1558 cor·
1319 1503 1320 1568 t

145 1576 208 1697 iit,
234 1585 313 1652 W*
324 1581 428 1664 poris,
451 1579 655 1664 popularium
671 1578 734 1641 lide
749 1579 909 1641 damnata:
932 1597 1120 1663 quamquam
1134 1577 1222 1640 illius
1236 1599 1300 1661 gra·
1319 1577 1320 1650 l

172 1653 286 1707 ''⁸⁶⁸¹'‘
323 1663 368 1722 tia
386 1675 498 1723 contra
512 1662 646 1746 patriam
661 1683 746 1723 arma
763 1659 906 1734 ferrent,
930 1681 990 1722 nec
1007 1660 1257 1741 transfugarum,
1275 1661 1299 1720 si
1319 1673 1320 1676 ’

323 1742 379 1826 qui
400 1743 518 1816 allent,
542 1745 664 1806 crimen
683 1743 716 1803 in
736 1757 934 1816 sacramento
948 1738 1151 1803 manentibus
1168 1742 1238 1802 aliis
1252 1761 1299 1801 re·
1319 1757 1320 1798 t

322 1837 374 1885 cte
395 1825 617 1920 imputaretur.
660 1824 725 1887 Sed
742 1823 823 1884 nihil
838 1835 907 1885 crat
921 1823 1088 1895 acerbius,
1112 1841 1205 1905 quam
1222 1821 1301 1906 quod
1319 1815 1320 1834 ¹

320 1904 478 1990 Hispana,
501 1905 613 1969 favore
633 1903 725 1970 ducis
743 1905 838 1978 elati,
861 1918 1019 1988 tamquam
1038 1904 1071 1966 in
1091 1903 1239 1987 perjuros
1254 1906 1320 1964 irs-¹

320 1984 468 2071 fidosque
489 1989 663 2070 petulantia
686 1989 770 2050 dicta
789 1985 957 2066 jaciebant.
991 1989 1026 2047 lu
1049 1985 1109 2048 hac
1128 1985 1300 2068 aegritudi-

320 2089 362 2129 ne
384 2069 563 2131 animorum
586 2083 692 2132 tamen
719 2073 785 2130 n'on
812 2069 944 2130 omnino
967 2066 1149 2130 Sertorium
1166 2069 1300 2128 'desere-

318 2148 414 2224 bant,
437 2151 646 2213 neccss‘arium
668 2151 730 2214 sibi
752 2149 882 2216 ductum
903 2148 971 2228 ejus
989 2148 1186 2231 judicantes,
1210 2150 1320 2210 etiam

319 2252 418 2315 quum
437 2252 543 2294 amare
563 2233 726 2318 amarique
747 2231 922 2294 desiill'ent.
971 2239 975 2242 ’

184 2353 301 2410 Suum·
379 2338 464 2398 XlX.
485 2339 565 2400 Erat
580 2338 665 2400 enim
681 2340 732 2400 vir
747 2337 934 2400 bellicarum
951 2339 1066 2400 artium
1082 2333 1299 2420 peritissimus,
1319 2373 1320 2422 ,

160 2439 273 2505 agogum
319 2431 351 2480 et
377 2417 607 2482 adstruendae
634 2419 767 2484 insidias
795 2419 932 2484 artifex:
967 2439 1072 2503 eoque
1094 2417 1132 2479 ab
1148 2417 1320 2502 Hispanis*

149 2503 285 2554 ’ΝΟΜ
317 2497 477 2562 Hannibal
492 2499 675 2576 vocabatur,
698 2523 762 2586 quo
782 2502 901 2563 nullum
922 2499 963 2562 iis
983 2501 1065 2562 locis
1086 2499 1301 2562 versationem
1319 2507 1320 2572 1

238 3399 240 3406 ,
306 3334 393 3421 ¹citus
413 3338 511 3399 solito
531 3340 682 3422 segnior,
712 3339 800 3428 quod
820 3356 909 3404 scuta
928 3343 1071 3426 equitum
1094 3353 1187 3424 parte
1209 3355 1320 3402 este-t

260 2631 266 2644 ,
316 2581 541 2724 acrioremque
559 2584 788 2667 imperatorem
807 2581 900 2646 suiffe
920 2583 1140 2644 meminerant.
1177 2581 1219 2640 Et
1232 2580 1320 2664 ipse¹

316 2663 364 2724 sic
385 2664 541 2806 appelari
561 2663 729 2748 gaudebat,
752 2659 897 2728 cominus
916 2663 1032 2726 faciem
1051 2659 1219 2734 ollentana,
1242 2663 1320 2722 ali-1

315 2759 427 2828 quota
453 2747 557 2808 uersis
575 2747 781 2810 cicatricibus
804 2759 837 2808 et
855 2743 968 2807 ciiollo
988 2745 1082 2806 oculo
1103 2743 1300 2816 deformem,
1319 2745 1320 2788 t

286 2836 289 2842 '
314 2846 379 2908 quo
402 2825 457 2888 ille
480 2825 759 2896 dehonestamento
781 2827 932 2910 corporis
952 2827 1087 2906 maxime
1105 2824 1301 2897 laetabatur,
1319 2849 1320 2908 3

215 2953 221 2968 .
314 2905 402 2999 quod
420 2907 448 2968 is
468 2929 597 2992 quoque
616 2909 704 2972 caius
723 2922 756 2971 et
774 2911 887 2970 Poeno
908 2907 995 2982 duci,
1019 2920 1051 2970 et
1064 2907 1217 2992 Philippo
1232 2907 1320 2994 Ara-3

313 2997 491 3132 tageno-que
514 2991 647 3132 reqibus
677 3010 713 3053 se
740 2989 963 3052 adsimilareta
985 3009 1066 3074 quos
1093 2989 1150 3050 ille
1175 3007 1320 3060 omnes,;

311 3087 410 3212 quum
427 3070 523 3130 aium
540 3072 612 3166 alis
631 3071 805 3134 virtutibus
824 3071 990 3146 vinceret,
1023 3071 1120 3132 animi
1141 3069 1320 3164 maguitu-

336 3170 399 3224 me,
424 3149 659 3238 prudentiaque
676 3166 710 3216 et
723 3154 895 3217 velocitate
908 3153 1119 3217 consiliorum
1133 3150 1303 3235 aequabat.
1319 3227 1320 3234 ἵ

375 3257 446 3320 XX.
474 3251 556 3318 Tum
577 3279 707 3342 quoque
725 3273 857 3344 praeter
877 3259 956 3323 alias
975 3261 1094 3323 caull'as
1115 3271 1185 3321 erat
1204 3275 1320 3321 exer-³

307 3419 410 3496 piore,
432 3417 596 3502 jaculaque
608 3435 782 3508 etpectora
792 3444 949 3508 equorum
958 3437 1090 3485 cruenta
1101 3421 1209 3484 subito
1220 3443 1306 3506 pro-
1319 3467 1320 3540 q

307 3498 398 3584 digis
427 3517 651 3585 apparuerant.
694 3505 760 3567 Sed
786 3505 843 3566 ille
868 3504 1076 3567 formidinem
1102 3523 1237 3565 suorum
1265 3505 1320 3570 in,

305 3583 469 3650 audaciam
482 3583 591 3659 vertit,
615 3585 679 3647 sibi
697 3583 850 3671 portendi
866 3587 1035 3648 victoriam
1052 3587 1303 3667 interpretatus,
1319 3587 1320 3676 l

306 3665 458 3745 quoniam
483 3664 557 3726 illae
580 3681 689 3750 partes
717 3669 862 3730 solerent
884 3665 989 3730 hostili
1012 3664 1166 3749 sanguine
1190 3683 1320 3754 maen-t

307 3744 380 3808 lari.
423 3745 627 3812 Confirmatis
653 3750 755 3834 igitur
782 3749 908 3834 copiis,
939 3749 1091 3813 continua
1112 3748 1144 3810 ei
1168 3749 1320 3832 proelia}

1100 3863 1103 3872 ,
1182 3849 1261 3894 cum
1319 3867 1320 3878 κ

342 4013 415 4138 (inq.
432 4015 523 4070 xvtl.
548 4017 571 4070 A
595 4018 674 4088 pinu.
690 3985 766 4073 Plut.
783 4017 848 4100 ¹3³?-
861 4016 940 4092 Epit.
958 4015 1088 4088 Appias.
1124 4015 1202 4144 Cap.
1220 4018 1306 4072 xlx.

303 4081 546 4224 {qlolmiqqsp’thq
585 4086 638 4145 lut.
659 4085 773 4148 Sertor.
791 4098 855 4148 rust.
892 4089 964 4160 cap.
983 4089 1043 4145 xx.
1062 4081 1162 4143 lul-0
1187 4101 1254 4162 seq.
1273 4097 1309 4144 et
