2702 4694
794 45 799 77 i

213 233 258 298 m
279 230 433 297 uocum
455 230 539 294 um.
563 233 801 306 cuturn.
968 239 1026 322 um

16 370 147 388 ..ιιι-ι·
558 370 972 392 Μ

16 439 187 518 tossibua,
219 440 378 505 subitario
399 461 503 534 opere
521 447 657 528 pontem
676 444 814 520 r'esecit,
837 449 1026 536 militesque
1054 458 1205 530 [teque.

16 524 226 622 ransduxit3
255 523 435 622 eademque
463 541 561 590 nocte
586 529 772 613 progreifae
797 531 943 618 reliquae
969 555 1025 598 co·
1053 529 1192 586 ti·C·⁵²·

16 630 80 672 trae
102 619 294 674 revocavtt.
545 643 548 657 ·
774 657 778 671 .
809 659 813 664 .
1078 651 1083 680 ,

67 743 166 805 th.
190 738 323 838 Quintis
342 737 463 808 deinde
481 737 592 806 castris
606 741 647 808 ed
661 742 860 832 Gergoviam
875 755 1024 830 ventumt

16 825 205 910 todemque
229 823 329 888 statim
358 844 431 887 oum
453 825 604 886 omnibus
625 829 731 914 copiis
747 829 1027 913 Vercingentorix

16 909 160 970 ¹ceeiIit.
205 905 313 1002 Quum
334 907 388 970 hic
410 907 558 968 locorum
581 910 663 974 situs
687 911 785 983 effet,
818 923 853 973 ut
874 913 906 972 in
927 913 1026 996 piano
1054 981 1058 990 ,

16 990 115 1052 :aftra
142 1003 296 1052 metatum
317 991 491 1052 Caesarem
518 1007 558 1051 ex
581 989 810 1088 superioribus
835 991 919 1056 locis
940 993 1029 1057 Galli

16 1073 196 1134 elurimum
214 1069 384 1148 infestare,
417 1073 539 1134 Caesar
566 1073 703 1136 vicriiitn
730 1093 852 1136 nocere
877 1075 919 1137 iio
944 1073 1029 1138 nihil

16 1157 143 1234 ›offet5
172 1153 290 1218 coliem
312 1176 331 1216 e
354 1152 494 1238 regione
514 1151 607 1216 urbis
629 1157 746 1230 eitum,
778 1170 879 1218 noctu
898 1157 1027 1240 dejecto

16 1235 189 1300 ›raesidio
222 1243 467 1310 Arvernorum,
501 1237 694 1320 occupavit3
731 1237 817 1302 unde
847 1237 888 1299 ad
916 1252 1029 1302 cetera

16 1339 150 1404 lneque
173 1311 298 1382 castella
318 1319 500 1414 urbemque
522 1315 626 1414 ipsam
645 1319 766 1380 aditum
783 1333 933 1402 pararet„
959 1317 1027 1382 Sed

16 1419 89 1545 {ff
108 1402 150 1464 ab
168 1400 233 1463 hoc
250 1415 368 1465 conatu
385 1401 554 1499 sollicitati
572 1422 590 1462 a
605 1399 906 1487 Vercingentorige
917 1401 1026 1466 Aedui

66 1495 251 1548 traxerunt.

73 1631 179 1696 LXII.
202 1633 370 1698 Auxilium
389 1631 430 1696 ab
447 1629 500 1718 itis
518 1627 734 1720 postulaverat
754 1625 884 1707 Caesar,
908 1634 1024 1701 decem
1051 1659 1217 1718 mmm,

16 1716 130 1778 miliia.
164 1715 227 1778 His
245 1731 281 1780 ut
295 1715 533 1804 praeficeretur
548 1717 632 1802 ipse,
656 1715 842 1804 fratresque
862 1717 931 1798 ejus
950 1739 1022 1782 cnm
1036 1735 1124 1786 Aedui
1146 1729 1208 1796 defi·

16 1799 86 1861 aliis
112 1799 321 1886 principibus
342 1799 382 1864 ad
400 1802 572 1863 Caesarem
592 1799 902 1884 praemitterentur,
933 1801 1022 1864 Lita-
1035 1801 1213 1854 ctuatacao.

16 1881 110 1946 ticne
138 1886 327 1960 curaverat,
359 1885 586 1945 Arvernorum
604 1894 716 1978 partes
739 1884 848 1945 animo
867 1883 1022 1967 proposi·
1035 1885 1108 1923 Μ’·

16 1977 118 2060 toque
147 1963 326 2048 amplexus.
368 1963 473 2044 Hujus
493 1959 578 2038 astu,
609 1977 675 2042 tter
701 1963 836 2027 facienti
862 1963 1024 2028 exercitui

16 2045 161 2130 quidam,
182 2047 274 2116 velut
291 2045 422 2112 evitatis
432 2045 652 2108 Romanorum
664 2043 808 2120 insidiis,
826 2061 1032 2125 occurrente

16 2129 188 2214 principes
205 2151 282 2192 suos
294 2128 489 2193 interfectos
503 2128 650 2190 Caesaris
662 2126 744 2208 infin
755 2127 926 2191 nunciant:
948 2128 1023 2214 ipse

16 2209 271 2273 conuenientem
293 2207 408 2274 fraudi.
428 2209 610 2278 orationem
633 2207 742 2272 habet.
791 2211 838 2273 Ite
866 2208 1021 2274 concitati
1051 2224 1211 2282 temese..
1285 2230 1290 2244 Χ

16 2293 142 2355 milites
163 2293 318 2356 continuo
338 2293 428 2358 cives
445 2290 604 2376 quosdam
618 2291 796 2367 Romanos,
813 2293 877 2436 ¹ppi
892 2313 956 2355 una
972 2293 1021 2354 fa·
1035 2295 1211 2353 ttrltteotct.
1283 2295 1287 2302 '

17 2375 248 2448 ciebant'iter,
280 2373 502 2439 interficiuntt
532 2393 602 2434 rem
621 2391 708 2447 eam,
731 2372 810 2436 dimi
839 2393 868 2437 rs
886 2387 954 2437 tote
972 2374 1021 2436 ci·

17 2457 118 2520 ritate
141 2455 330 2521 Aeduorum
355 2455 503 2528 nunciis,
534 2453 700 2518 Litavicco
725 2455 855 2542 vulgat:
888 2455 1020 2520 menda·

17 2539 104 2598 cium
128 2537 170 2600 de
187 2539 393 2626 principibus
414 2535 535 2600 occisis
554 2535 693 2622 repetite
715 2535 876 2614 hortatur,
898 2551 933 2600 ut
948 2537 1020 2600 rin·-

18 2619 141 2765 ρἱῑεπὲ
156 2621 304 2766 §pilisque
329 2621 393 2687 hoc
418 2617 570 2704 exemplo
594 2631 718 2692 sumat,
746 2617 835 2706 quod
854 2619 1019 2684 exercitus

18 2723 76 2780 tam
97 2724 118 2766 e
145 2703 155 2764 i
179 2726 190 2764 1
217 2715 261 2765 et.
1114 2709 1117 2716 ’

73 2851 191 2914 Lxm.
222 2849 314 2914 Haec
346 2847 403 2912 nbi
429 2847 538 2914 media
563 2845 638 2914 fere
664 2857 762 2912 nocte
786 2846 1015 2934 Eporedorix,
1047 2863 1203 2924 Suram.
1278 2905 1283 2920 ,

19 2955 114 3020 quem
133 2935 343 2997 interfectum
353 2933 523 2997 Litavicco
537 2929 686 3005 finxerat,
709 2931 747 2993 ad
765 2931 938 2995 Caesarem
957 2931 1016 2994 de·
1029 2953 1091 2990 sere
1102 2937 1200 3011 recipi.

19 3019 140 3080 tuliil'et
148 3036 158 3094 3
171 3029 339 3102 permotus
356 3015 578 3100 magnitudine
596 3014 646 3076 rei
660 3011 763 3076 ffatim
776 3013 926 3110 legiones
937 3035 1015 3099 qua·
1029 3019 1127 3062 ‘¹¹1⁸'-

20 3113 89 3162 tuor
108 3118 302 3184 omnemque
320 3119 339 3160 e
366 3097 500 3178 citatum
518 3095 641 3170 eduxit,
662 3107 697 3158 ut
715 3094 839 3166 Aeduis
860 3091 893 3156 in
914 3097 1014 3160 itine-

20 3203 51 3244 te
71 3193 277 3248 occurreret.
320 3116 384 3242 vii
402 3180 437 3241 in
455 3191 667 3262 conspectum
685 3189 864 3249 venerunt,
888 3180 1017 3264 equita·

20 3279 46 3328 tu
66 3264 217 3344 objecto,
247 3261 304 3348 qui
324 3261 562 3346 progredieoo
579 3271 724 3332 vetaret,
750 3258 1016 3346 Eporedorigem

21 3361 44 3410 et
60 3345 325 3418 Viridomarum,
349 3364 431 3428 quoe
453 3341 503 3403 illi
547 3339 677 3404 utebant
699 3341 934 3426 interemptos,
956 3365 1014 3427 ep.

21 3431 143 3514 pellere
165 3448 240 3489 euos
259 3425 360 3508 jubet.
381 3419 385 3427 “
403 3425 495 3566 mio
541 3421 638 3495 edni,
660 3421 776 3486 fraude
794 3421 933 3486 Litavioi
955 3443 1014 3488 co·

21 3515 123 3596 gnita,
148 3508 302 3593 projectis
319 3506 437 3578 armis,
485 3505 539 3568 dei
556 3503 704 3568 Caesaris
723 3523 759 3568 ae
776 3503 1011 3588 permiserunt.

22 3595 182 3656 nitarious
199 3610 272 3652 oum
289 3588 465 3652 clientibus
481 3586 679 3670 Gergoviam
698 3585 855 3670 profugit.
896 3586 948 3650 Ao
965 3585 1014 3649 ci·

22 3677 151 3740 ritatem
163 3672 352 3738 Aeduorum
365 3669 478 3732 nuncii
492 3667 534 3732 de
546 3665 599 3732 hit
614 3667 713 3730 rebus
728 3667 768 3731 ab
783 3671 923 3734 Caesare
937 3669 1012 3734 mit·

22 3773 142 3822 tuntur.

72 3887 191 3954 LXIV.
215 3887 344 3952 interea
367 3881 468 3954 castra
486 3881 679 3950 Caesariana
702 3883 782 3950 totis
802 3881 928 3949 viribus
951 3899 1011 3967 op-

23 3983 239 4062 pugnaverunt
252 3972 357 4048 Galli,
379 3972 498 4034 multos
523 3970 799 4032 cenomanorum
818 3969 1010 4034 vulnerave-
1090 4045 1092 4052 y

24 4074 104 4122 tante
130 4054 388 4140 putabantnrqne
407 3987 563 4137 postridie
581 4049 723 4112 redituri
740 4047 856 4122 fuiss'e,
877 4045 941 4142 nisi
955 4063 1010 4142 ce·

24 4141 81 4206 ieri
116 4135 228 4206 reditu
258 4135 469 4222 imperotorit
499 4134 601 4200 effect
629 4131 673 4204 ,sit
705 4129 765 4287 hic
792 4147 851 4228 epe
877 4129 1010 4213 deject),

765 4239 826 4288 xa
