2734 4688
292 248 355 321 ns
408 199 1263 328 nastasia,surennimnronuunmmxm.

294 381 755 398 -fi———w-—nu—-C-

150 473 198 512 .c.
264 448 499 536 ‚provinciam
518 449 871 513 enmsibidelliuabat.
914 448 980 514 Sed
989 445 1085 542 ⁸idem
1123 447 1302 516 osteacon·

154 531 213 584 ·0·
257 567 266 586 ·
295 535 361 609 sul,
387 557 484 620 quum
505 536 641 596 sortitus
661 534 791 596 Cretam
810 525 908 606 ittet,
929 553 1041 594 amore
1059 471 1152 594 urhis
1172 532 1300 613 etjudi-

296 619 442 689 ciorum,
472 616 646 700 inquibus
668 615 842 699 regnabat,
871 615 1007 678 Metello
1027 615 1211 676 exercitum
1228 636 1301 699 pro-

293 699 499 783 vinciamque
529 697 717 760 transdidit.
759 697 930 770 Metellus,
967 717 1066 780 quum
1090 696 1225 760 iccillet
1250 719 1300 760 ex-

294 783 517 853 scemionem,
549 793 779 842 occurrentem
797 780 862 850 sibi
880 800 954 842 cum
968 799 1007 840 co
1034 780 1077 839 iis
1092 779 1126 839 in
1143 779 1301 862 Cydonia-

294 879 397 944 tarum
415 885 495 946 agro
511 861 702 924 Lasthenem
719 863 827 946 primo
845 862 987 925 adventu
1005 803 1106 923 Ihdit:
1131 875 1184 934 et,
1209 883 1300 926 exeo

290 945 421 1030 proelio
443 949 625 1029 Imperator
649 945 848 1028 appellatus,
882 944 1008 1006 incolas
1030 943 1116 1004 intra
1137 943 1301 1026 Cydoniae

290 1029 422 1090 moenia
445 1027 630 1112 compulsos
654 1025 828 1088 obsidione
853 1027 979 1089 clausit.
1023 1025 1064 1086 Ei
1086 1039 1153 1102 tum
1179 1029 1302 1112 oppido

125 1165 129 1178 .
242 1103 247 1113 ’
290 1113 435 1173 Panares
452 1121 625 1206 praeerat,
648 1107 738 1194 quod
758 1109 886 1196 elapsus
906 1105 983 1193 luga
1001 1103 1181 1172 Lasthenes
1200 1115 1302 1176 Gnos-

292 1215 364 1256 sum
391 1191 568 1278 petivillet.

117 1331 280 1417 πεπυ,
355 1325 519 1390 LXXXV.
553 1327 643 1387 Inter
668 1323 750 1385 baec
775 1323 913 1386 Lucullo
940 1321 981 1384 ad
1002 1323 1157 1398 Nisibin,
1197 1345 1298 1422 nequa

103 1415 282 1472 Mithridates
294 1408 398 1491 magis
424 1409 457 1469 in
481 1406 652 1469 vincendis
672 1405 834 1478 hostibus,
867 1427 961 1490 qnam
983 1407 1202 1470 continendis*
1218 1431 1296 1479 aurs,

103 1489 193 1539 ΜΗ·
210 1503 282 1544 mu·
296 1504 473 1573 occupato,
504 1509 617 1572 magna
637 1509 713 1571 pars
734 1487 911 1551 Armeniae
931 1489 1097 1574 Pontique
1123 1513 1141 1551 a
1168 1490 1298 1574 regibus

101 1567 213 1624 ΡΜ·
294 1569 449 1636 abstracta
464 1569 518 1632 stt.
565 1571 696 1632 Etenim
711 1570 890 1654 Tigranes,
915 1571 1003 1669 quod
1019 1573 1233 1636 munimentis
1246 1571 1298 1636 Ni-

296 1655 378 1717 aibis
397 1653 591 1728 confideret,
616 1653 651 1714 in
671 1652 733 1714 alia
755 1666 901 1716 verterat
919 1666 1086 1738 impetum,
1110 1654 1300 1740 pulsumque

245 1737 252 1751 '
295 1741 334 1800 L.
357 1735 533 1810 Fannium,
555 1735 720 1819 receptis,
747 1757 829 1819 quae
851 1735 909 1796 ille
928 1751 1095 1810 tenuerat,
1146 1739 1210 1800 leri
1253 1758 1302 1810 ue,

220 1821 225 1842 ¹
296 1821 332 1882 in
348 1819 474 1880 munito
492 1817 632 1902 quodam
653 1818 726 1879 loeo
745 1818 969 1888 circumsedit.
1013 1818 1080 1882 Sed
1096 1761 1154 1881 ille
1174 1760 1303 1903 quidem

170 1957 177 1966 .
296 1903 426 1966 Luculli
453 1900 576 1976 auxilio
603 1914 772 1984 exemptus
800 1897 856 1968 etl,
897 1899 1104 1965 Mithridates
1132 1922 1208 1964 cum
1229 1925 1303 2002 qua·

296 1997 374 2047 tuor
397 1982 543 2044 millibus
570 2003 704 2046 suorum
726 1981 885 2055 militum,
919 1981 1121 2070 totidemque
1141 1983 1303 2048 eubmrssis

298 2089 316 2130 a
335 2066 497 2149 Tigrane,
528 2067 690 2127 minorem
713 2063 900 2126 Armeniam
924 2063 1115 2164 rivinasque
1139 2067 1173 2128 ei
1194 2069 1302 2154 regio·

298 2170 359 2212 nes
377 2149 516 2222 obiens,
544 2147 664 2209 multos
685 2149 925 2221 Romanorum,
956 2148 1232 2233 necopinantibus
1254 2173 1304 2212 au-

299 2231 519 2317 perveniens‚
539 2227 777 2305 interficiebam
803 2228 976 2314 permultis
999 2251 1041 2314 op
1067 2231 1131 2294 idis
1151 2231 1304 2294 cabellis·

300 2335 365 2396 que
385 2334 499 2396 magua
513 2313 683 2374 celeritate
699 2313 915 2396 recuperatis.
960 2317 1039 2374 Nam
1077 2315 1222 2377 ominum
1238 2317 1304 2376 aui.

300 2415 373 2456 mos
392 2397 424 2458 ei
443 2416 509 2456 non
529 2392 707 2456 adsuetudo
726 2407 847 2457 tantum
865 2393 1022 2478 parendi,
1043 2409 1077 2458 et
1091 2417 1225 2459 morum.
1237 2399 1302 2459 ori-

302 2476 672 2573 ginisque‘cousmunIo
703 2476 917 2550 conciliabat,
955 2476 1015 2538 aed
1042 2479 1138 2540 etiam
1169 2476 1303 2542 bellium

301 2559 394 2620 vitia.
418 2579 541 2644 quippe
559 2558 671 2620 relicti
690 2581 707 2619 a
721 2557 876 2630 Lucullo,
900 2571 935 2620 ut
949 2559 1053 2622 victas
1069 2561 1257 2646 provincias
1271 2577 1304 2624 et

301 2639 364 2786 jaqi
386 2644 548 2704 Romanas
574 2654 764 2717 tuerentur,
796 2641 1005 2725 negligenter
1026 2657 1060 2706 et
1077 2664 1174 2710 avare
1195 2665 1232 2707 se
1250 2665 1304 2730 ge-

303 2745 341 2786 re
366 2737 430 2788 ant.
1241 2755 1245 2762 ·

139 2865 239 2920 hsta,
249 2863 292 2920 A.
364 2850 543 2916 LXXXVI.
565 2847 795 2911 Perniciosum
815 2848 850 2911 id
871 2851 915 2914 M.
933 2847 1037 2912 Fabio
1057 2848 1204 2912 Adriano
1224 2849 1301 2926 luit,

111 2935 291 2990 drtsnsssln-
304 2930 388 2994 locis
405 2932 471 2994 illis
511 2932 647 2994 raesidii
666 2933 770 2994 oanlla
789 2945 969 3015 camparte
988 2933 1157 3016 copIarum
1176 2933 1304 2994 relicto.

112 3007 187 3086 ’ΜΓ
203 3002 290 3056 ⁰Ml·
304 3011 363 3074 Ille
385 2955 586 3109 speculhtum
608 3013 819 3098 praemiserat
833 3013 994 3088 Thracas,
1026 3015 1083 3102 qui
1106 3015 1199 3098 prius
1220 3013 1304 3098 apud
1345 3025 1346 3059 l

113 3071 247 3128 ''mm‘'
303 3093 530 3159 Mithridatem
565 3109 752 3158 meruerant
782 3093 959 3179 stipendia,
998 3111 1094 3180 atque
1123 3097 1241 3158 iterum
1270 3097 1304 3155 in

303 3192 414 3262 partes
437 3179 527 3240 illius
547 3179 757 3240 inclinabant.
799 3179 921 3261 Igitur,
968 3199 1042 3240 uum
1064 3177 1148 3258 nibil
1165 3179 1304 3239 sanine·
1344 3207 1345 3218 .

302 3261 514 3335 nunciallent,
537 3260 674 3322 Fabium
690 3281 764 3323 cum
780 3199 1088 3344 militibuslongius
1125 3261 1304 3342 rogrell'um
1344 3227 1345 3303 l

249 3393 256 3416 ,
303 3341 513 3406 Mithridates
534 3363 575 3404 ex
590 3343 768 3427 improviso
788 3341 833 3406 est
850 3342 1001 3406 adortus:
1025 3357 1059 3405 et
1076 3282 1232 3414 Tliraces,
1255 3343 1304 3402 in·

302 3437 356 3502 ter
375 3427 539 3508 proelium
559 3439 679 3486 mutata
700 3422 786 3502 fide,
816 3429 992 3488 Romanam
1013 3425 1117 3488 aciem
1136 3438 1304 3486 exterrue-

303 3521 398 3582 runt:
420 3507 606 3592 amittisque
625 3507 760 3572 circiter
779 3508 969 3594 quingentis
986 3507 1164 3582 militibus,
1186 3505 1306 3570 Fabius

304 3588 340 3650 in
358 3587 457 3652 castra
476 3611 532 3652 sua
550 3611 587 3653 se
605 3591 747 3676 recepit:

107 3690 294 3820 qimam
368 3695 772 3776 Lxxxv11.1³ottri‹tie,
803 3696 876 3794 dats
898 3697 1034 3809 servis,
1049 3707 1214 3784 quotquot
1232 3693 1309 3757 ’ὼ-
1340 3639 1343 3793 l

313 3899 318 3909 ’
341 3889 415 3963 Cap.
431 3889 585 3948 LXXXIV.
609 3887 752 3962 Xiphilin.
774 3885 837 3944 Cic.
852 3885 954 3942 Disiu.
973 3885 1004 3940 in
1020 3885 1132 3944 caecil.
1154 3906 1181 3941 c.
1195 3903 1223 3953 7.
1245 3883 1312 3938 Ple·

306 3975 366 4030 gon
382 3957 462 4032 apud
470 3959 557 4042 I’hot.
576 3958 640 4042 Cic.
657 3977 715 4041 pro
727 3957 806 4012 Mur.
826 3977 853 4012 e.
864 3958 909 4012 35.
931 3957 1073 4038 Phlegon.
1092 3951 1312 4044 Appianapnd

305 4026 1314 4224 lgltilfflltfitlttl?'‘s.,l⁶t’tllllbl'.'tltlsl'ttt:

334 4185 437 4240 ppran.
1071 4225 1078 4248 „
