2734 4688
259 285 304 346 m
321 279 474 346 norun
491 283 717 348 nfflexcrx.
739 285 855 354 mvn.
988 287 1047 366 aa,

47 495 174 580 quibat,
207 494 286 577 quin
309 504 384 552 ante
409 511 522 554 ornnes
544 492 635 554 illum
652 493 817 556 electurus
836 497 977 578 populun
996 518 1048 560 es·
1078 497 1222 556 unaue

46 593 104 640 set.
137 577 257 661 itique,
281 574 378 636 simul
403 579 500 658 atque
524 575 659 638 recitata
684 577 736 638 lex
759 590 846 648 erat,
873 579 1049 675 apparebat
1078 569 1214 636 M“⁶7-

45 662 192 806 sqputnm
214 659 298 730 effe,
329 656 455 718 cunetis
477 655 579 720 [latim
599 657 640 720 ad
654 658 847 748 Pompeium
865 661 1048 744 respicien.
1059 615 1212 782 :¹¹:¹35ssss

48 760 59 806 t
98 765 149 804 us.

110 851 166 912 IX.
192 845 259 910 sed
278 848 406 918 Patres,
429 865 619 930 quamquam
637 847 672 908 in
689 850 733 908 M.
747 846 894 910 Antonio
910 847 1051 910 similem

48 947 120 995 ante
144 929 335 1016 potellntetn
355 929 515 1000 tulerant,
538 931 656 1010 partim
677 929 910 1003 aemulatione,
937 931 1051 1014 pluteo

48 1030 136 1076 metu
154 1013 313 1096 correpti,
335 1031 378 1072 ne
395 1024 562 1094 acceptum
582 1013 685 1074 semel
697 1012 871 1095 imperium
884 1014 941 1073 Cn.
953 1016 1052 1076 Pom-

49 1097 163 1181 peius,
188 1093 340 1178 quamdin
361 1093 482 1166 vellet,
506 1093 686 1172 retinerem
720 1092 995 1176 ita'reaissebant,
1016 1109 1054 1160 ut

72 1179 161 1240 otius
182 1178 288 1240 omnia
306 1175 437 1272 piratici
456 1174 581 1238 furoris
603 1175 805 1238 incommoda
817 1217 826 1250 ,
850 1198 944 1260 quam
964 1176 1054 1240 issam

49 1203 176 1345 iugem,
199 1260 318 1356 pallum
334 1257 537 1319 viderentur.
580 1257 668 1354 Quip
694 1277 711 1320 e
727 1259 828 1320 totius
845 1278 931 1342 pene
947 1274 1053 1322 terra-

50 1365 122 1404 rum
142 1343 234 1404 orbis
252 1339 427 1424 imperinm
449 1339 506 1402 uni
526 1339 599 1402 viro
619 1281 851 1413 desinebatur,
883 1341 973 1424 quoti
996 1341 1052 1403 ad·
1133 1412 1136 1430 Ι

51 1427 211 1510 seriptum
230 1424 298 1506 legi
317 1435 404 1495 erat,
435 1425 478 1482 uti
494 1429 558 1482 'toto
580 1427 669 1494 mori,
704 1423 788 1482 etad
809 1425 1054 1506 quinquagesimum

49 1511 160 1566 amoti
182 1505 362 1577 milliarium,
391 1502 608 1588 proconsularem
634 1503 791 1585 potestatem
817 1503 945 1566 haberet:
975 1525 1052 1588 reges

50 1593 225 1669 immitesque
246 1607 337 1648 emtus
356 1584 464 1646 auxilio
479 1589 583 1666 petenti
598 1589 759 1647 mitterent:
778 1591 907 1666 pecmtite
920 1605 1052 1668 quaenunt

49 1671 153 1744 uellet,
175 1692 211 1730 tx
232 1671 340 1730 aerario
363 1688 390 1726 et
410 1687 427 1726 n
446 1666 595 1748 publicanis
608 1666 888 1750 sutnetetrmiiinun
898 1668 1052 1752 sttciurum·

51 1774 101 1836 que
121 1751 261 1814 navalium
281 1747 402 1810 delectus
417 1749 469 1832 suo
490 1748 632 1812 arbitratu
651 1749 772 1812 iuberet.

111 1875 153 1935 X.
183 1873 288 1958 Igitur
307 1885 393 1933 tanta
413 1873 623 1936 contentione
645 1887 821 1974 pugnaturn
840 1869 901 1944 eil,
935 1887 970 1935 ut
994 1893 1050 1957 pa·
1081 1869 1225 1938 Culmu-

49 1979 122 2018 rum
141 1955 302 2029 absumit,
326 1955 404 2038 quin
421 1953 580 2018 Gabinius
597 1957 631 2018 in
648 1957 715 2042 tpla
734 1956 824 2018 curia
842 1955 1050 2040 discerpere·
1062 1951 1151 2011 Μ*
1164 1937 1220 1994 ἢ·

50 2054 113 2100 tur.
160 2037 258 2132 Quod
285 2035 341 2098 ubi
368 2035 515 2097 forensia
541 2039 635 2100 turbe
660 2037 839 2123 comperit,
871 2037 994 2122 impetu
1018 2022 1134 2099 in‘m‘

51 2135 199 2184 uenatum
215 2119 313 2192 laeto,
335 2118 457 2180 ceteris
479 2119 615 2182 salutem
636 2119 712 2182 intra
730 2119 919 2190 tutantibus,
945 2121 981 2180 C.
996 2121 1054 2181 Pi-

50 2224 168 2265 sonem
192 2201 359 2263 consulem
382 2199 562 2284 corripuit,
582 2204 656 2286 ·qui
673 2167 763 2264 iorte
784 2201 819 2261 in
840 2202 1054 2264 altercatione

49 2283 213 2369 Pompeio
239 2283 383 2356 dixerat,
414 2282 524 2342 Romuli
544 2283 701 2365 sequentem
721 2283 830 2366 uestigio
850 2305 903 2344 tion
921 2281 1054 2366 tfficgitu-

50 2389 113 2428 tum
140 2368 219 2426 clim
244 2369 348 2424 exitum
373 2361 433 2444 effe,
487 2366 613 2428 Territi
639 2367 789 2452 periculo
810 2368 947 2438 Patres,
981 2387 1054 2426 narn

49 2450 222 2512 consulem
236 2447 337 2508 exitio
355 2445 537 2530 proximum
551 2448 607 2508 vix
621 2469 754 2512 servare
765 2447 925 2512 Gabinius
937 2462 1053 2534 potue·

48 2547 117 2604 rat,
144 2529 334 2593 abstinuere
355 2529 638 2592 contentionibus:
669 2545 814 2593 ceterum
839 2551 937 2626 saepe
957 2551 1054 2591 usur·

47 2629 126 2698 pato
144 2611 295 2674 remedio
315 2624 426 2672 contra
441 2610 506 2672 vim
519 2611 721 2674 tribunitiam
737 2631 777 2674 ex
791 2613 933 2696 collegio
950 2613 1054 2674 inter·

28 2686 196 2758 'cellores
224 2707 405 2776 coeperunt
430 2713 603 2788 quaerere.
657 2697 731 2756 Duo
759 2707 883 2755 tanturn
907 2693 1053 2790 reperti,

48 2777 176 2840 ceteris
195 2789 285 2838 metu
304 2775 495 2847 deterritus,
518 2777 555 2835 L.
575 2777 782 2852 Trebellius,
804 2779 841 2842 L.
860 2779 1014 2838 Roscius.

111 2913 168 2972 xl.
199 2909 264 2970 Die
282 2907 488 2970 comitiorum
505 2908 699 2993 Pompeius,
721 2905 904 3004 imperandi
922 2905 1052 2991 eupidi-
1082 2907 1226 2978 Pompeius

45 3005 150 3056 tatem
172 2989 249 3052 licta
266 2987 419 3052 modessia
440 3003 577 3073 tegent,
600 3013 698 3076 quum
720 3013 737 3052 a
762 2991 896 3075 petitam
939 2977 1128 3061 orella-'fiete
1142 2980 1228 3032 Μ’·

44 3089 117 3135 tem
137 3073 335 3136 invidiosam
355 3071 446 3146 fore,
468 3085 629 3157 tamquam
646 3014 807 3136 reeulinti
824 3011 977 3156 ingetiim
993 3049 1119 3132 lto-1¹¹⁶
1225 3088 1232 3102 ⁸

45 3155 259 3219 nellillimam
280 3169 452 3228 cerneret,
481 3151 666 3235 hujusmodi
685 3157 866 3219 orationem
885 3173 981 3216 ornus
998 3151 1054 3216 ess.
1090 3211 1094 3222 ,

50 3239 176 3300 Gratius
195 3239 318 3318 equidem
339 3255 390 3319 pru
410 3237 594 3300 benevolentia
614 3239 702 3317 uestra
719 3239 794 3300 uobis
812 3259 880 3322 ugo,
897 3236 1057 3320 semperque
1096 3257 1103 3264 ·

43 3343 68 3380 a
88 3341 150 3396 cm,
180 3317 331 3403 ¹Quirites,
363 3339 479 3400 quorum
506 3322 535 3379 iu
558 3340 600 3380 me
622 3321 746 3383 ornando
769 3338 900 3404 perpetuo
924 3313 1055 3402 indesefflt

75 3399 283 3483 udiofueruut.
308 3403 437 3464 Ceterum
455 3419 482 3461 et
500 3399 574 3462 uobis
591 3406 621 3462 in
640 3402 795 3463 tribuendis
811 3399 957 3463 luentibus
969 3403 1055 3482 impe-

42 3489 177 3565 riisque,
200 3505 227 3544 et
244 3483 310 3544 nili
327 3488 358 3544 in
375 3485 537 3566 accipiendis
554 3485 651 3545 nudus
666 3483 767 3568 aliquit
784 3482 834 3568 effe
853 3483 942 3546 debet.

117 3617 191 3676 ΧΠ.
221 3613 303 3698 ‚Quae
325 3615 420 3698 popuii
443 3593 719 3700 Remmiprimipes
742 3621 816 3679 omiti
838 3639 904 3680 aeuo
930 3619 982 3679 uix
998 3615 1058 3699 posi
1076 3613 1248 3670 Prouinciam
1315 3628 1318 3636 ·

40 3701 164 3782 longum
182 3717 299 3758 aetutem
316 3697 472 3782 consequuti
500 3719 570 3776 utet,
593 3719 623 3760 eu
642 3706 672 3760 in
689 3721 729 3760 me
747 3718 833 3782 prope
848 3719 973 3781 puerum,
994 3719 1055 3760 cer·
1068 3701 1127 3739 Μ
1141 3683 1236 3756 ‘'ll'‘-

42 3805 80 3842 te
109 3777 323 3862 adulescentem,
356 3777 469 3864 cougeffi
491 3783 525 3842 is.
575 3781 687 3866 ¹Quibus
715 3787 795 3844 acuetis
824 3785 982 3844 tirocinium
1007 3765 1162 3862 esemm‘

39 3863 175 3922 aliorum
188 3861 279 3944 solet,
302 3879 493 3944 imperatorem
512 3859 593 3946 agere
610 3884 735 3940 coactus,
757 3869 807 3926 uite
827 3885 953 3950 umquam
998 3852 1060 3942 situ

40 3949 242 4025 inte-quint,
271 3965 355 4025 quum
379 3965 482 4006 ceteros
507 3951 648 4008 continuus
669 3947 853 4031 expeditiones
870 3880 1061 4032 gravissimu

89 4130 164 4204 Gap.
180 4131 231 4187 lx.
251 4131 330 4188 Vell.
348 4152 380 4200 2,
397 4134 442 4188 m.
471 4131 540 4190 Dio.
566 4132 645 4192 Plut.
669 4135 811 4192 Zonaras.
835 4131 913 4191 Veli.
932 4127 1063 4206 Appiae,
1137 4127 1141 4142 “

39 4199 178 4272 (lanx.
198 4201 268 4256 Dio.
287 4200 365 4258 Plut.
385 4201 454 4257 Dio.
