2734 4688
310 263 715 358 innocontiam.
742 287 855 352 mvn.
1015 289 1077 373 so,

94 430 581 452 wan-run*

86 519 119 567 et
138 504 295 590 gravitate
313 503 430 574 valuit,
453 497 600 562 ucetiam
618 498 769 562 homines
784 500 825 564 ad
844 519 881 561 ea
896 485 1072 584 probanda,
1104 497 1141 557 U·
1156 516 1183 556 ο·
1198 499 1262 574 689,

87 607 169 672 quas
189 585 298 670 paullo
319 598 392 648 ante
411 583 586 682 insigniter
608 579 754 656 odiss'ent,
781 582 887 667 posset·
900 583 1071 659 adducere,
1103 567 1139 629 ³·
1154 569 1241 641 &³⁶³4

149 717 245 778 XLII.
268 720 362 784 Nam,
385 712 442 776 illo
462 711 634 786 suadente,
658 711 752 774 etiam
767 714 916 777 Rosciam
933 717 1071 792 theatra·
1090 709 1261 792 'lrsspsput'i

86 798 151 858 lem
170 799 275 882 legem
292 795 386 880 plebs
403 815 507 880 aequo
524 794 629 857 animo
648 793 739 867 tulit,
770 817 818 857 ma
842 817 964 886 nopere
981 775 1157 896 prius²''¹b·
1167 775 1262 896 sm·

84 879 164 940 irata
184 882 221 942 1..
240 875 532 962 Otboni,'auctori
550 877 650 960 legis,
681 875 781 960 quod,
811 817 1000 942 ‹iiscrimine
1021 855 1257 968 se·⁸5”m¹,‚⁰⁸⁴¹'

87 959 138 1020 slis
153 958 341 1032 constituto,
363 955 537 1042 indignam,
561 979 641 1042 quae
659 976 730 1017 cum
748 960 911 1044 equitibus
928 961 1071 1038 sederet,

86 1037 253 1104 habuisset.
295 1043 322 1102 F
324 1054 394 1102 orte
411 1037 590 1116 acciderat,
612 1053 647 1102 ut
659 1037 839 1116 Othonem,
862 1055 927 1106 tum
964 1059 1077 1110 meto-2

86 1142 175 1194 rem,
196 1123 280 1206 legis
299 1121 367 1200 ejus
386 1121 499 1182 dolore
518 1119 655 1202 populus
676 1121 709 1180 in
728 1119 853 1184 theatro
871 1065 1070 1204 exsibilaret,

85 1205 214 1287 equites
235 1218 345 1266 contra
363 1201 477 1288 plausu
495 1201 702 1284 exciperent3
725 1199 862 1276 deinde,
885 1205 1001 1274 iterum
1021 1205 1071 1271 iri.

84 1283 125 1346 de
152 1285 276 1357 sibilis,
308 1283 382 1346 binc
407 1283 521 1366 plausu
546 1279 734 1356 instaurato,
766 1285 945 1347 maledictis
974 1269 1081 1372 atque’
1158 1347 1169 1372 Ι

85 1367 242 1428 conviciis
263 1367 348 1428 inter
368 1385 403 1426 se
424 1363 701 1428 committerentur
720 1365 871 1438 ordines,
905 1381 937 1428 et
956 1389 1010 1430 res
1028 1367 1070 1430 ed

83 1447 278 1509 seditionem
298 1459 470 1530 spectaret.
502 1443 537 1506 ld
558 1443 612 1506 ubi
633 1446 749 1507 Cicero
770 1446 879 1509 consul
899 1441 1069 1534 comperit,

65 1529 220 1590 accurrit
237 1549 297 1614 pro
323 1548 396 1604 ere,
419 1540 594 1611 vocataque
612 1526 645 1586 in
665 1525 744 1588 aede
762 1529 915 1590 Bellonae
937 1532 1070 1594 concio·

78 1631 122 1675 tte
140 1609 268 1692 plebem
284 1551 476 1694 objurgans,
504 1605 548 1670 ito
566 1607 699 1670 mutavit
717 1609 857 1683 animos,
886 1625 921 1674 ut
938 1609 1075 1677 rever'ss'

79 1691 115 1752 in
135 1692 294 1754 theatrum
313 1711 379 1752 non
398 1691 555 1754 minorem
573 1685 695 1774 Othoni
713 1689 855 1776 plausum
873 1689 952 1777 ipsa,
975 1714 1072 1780 quam

81 1774 230 1857 equites,
254 1772 378 1846 darent.
980 1777 982 1784 ’
1024 1769 1047 1796 ’”

138 1898 248 1962 rtur.
270 1867 426 1980 aba...
443 1895 561 1985 aetnae
581 1895 822 1962 erasmianam
863 1919 902 1960 a.
919 1863 1066 1965 emam-⁵
1097 1879 1248 2004 rpem.

78 1979 132 2041 rio
149 1979 266 2053 subiit,
288 1981 551 2052 cuisstrbornatus
569 1979 633 2042 aC.
645 1979 777 2042 Caesare
793 1981 835 2042 tr'
861 1965 1122 2068 unosplebism'
1146 1951 1257 2068 nsaw

78 2061 119 2122 Τ.
139 2059 301 2124 Labienus
320 2061 555 2146 perduellionis
578 2059 664 2124 diem
682 2057 824 2138 dixerat,
871 2053 924 2124 uod
942 2066 1004 2124 anre
1035 2058 1073 2124 e‘ir'
1172 2059 1201 2140 ',‚
1230 2113 1261 2127 ..

77 2163 105 2202 es
131 2153 171 2202 m
189 2147 246 2204 ima
272 2164 354 2204 sentos
380 2145 415 2204 L.
437 2145 616 2204 Saturninum
645 2141 787 2204 tribunum
813 2085 897 2224 plebis
923 2145 1006 2223 occidas
1028 2158 1066 2206 et.

75 2164 221 2310 Negabat
239 2223 358 2288 sactum
375 2222 540 2304 Rabirius.
575 2223 713 2288 sednon
731 2238 794 2286 tam
809 2225 883 2300 ille,
905 2245 998 2310 quam
1014 2234 1075 2308 seg'

74 2319 170 2368 natus
189 2307 379 2381 auctoritas,
409 2305 597 2390 petebatur,
626 2303 707 2368 nibil
731 2305 887 2392 deinceps
911 2307 1075 2388 valitura„

74 2387 150 2460 ubi,
175 2388 260 2472 quod
276 2388 380 2472 ipsius
401 2389 481 2469 jussu
500 2387 577 2450 esset
594 2385 829 2471 farsum,‘'polt
847 2403 895 2450 tot
910 2407 1011 2450 annos
1030 2387 1065 2467 in
1126 2395 1131 2412 ’
1181 2453 1188 2475 ‚
1250 2396 1253 2407 '

73 2467 337 2552 disquisitionem
352 2471 480 2542 vocari,
503 2487 672 2554 poenaque
691 2483 723 2532 et
742 2469 904 2554 supplicio
923 2461 1074 2531 vindiea-¹
1138 2471 1141 2479 '

73 2549 103 2610 ri
123 2551 213 2634 polle
233 2548 438 2616 constitisset.¹
476 2547 582 2642 Quum
602 2572 721 2624 summa
741 2572 803 2635 opo
821 2551 1067 2615 rellitillet'me·

71 2631 140 2692 lior
158 2653 234 2716 pars
253 2647 399 2706 senatus,
422 2653 463 2696 ne
481 2631 635 2718 judicium
656 2653 692 2696 ea
711 2631 752 2692 de
771 2651 807 2693 re
825 2629 939 2710 sieret3
952 2632 1073 2706 'tribu'

71 2711 106 2774 ni
120 2713 240 2808 plebis,
263 2713 404 2776 sectione
419 2713 563 2778 Caesaris
577 2713 688 2793 adjuti,
709 2710 868 2776 vicerunt.
892 2711 1074 2774 ita‘dt'tum·'

71 2793 155 2866 viri,
183 2815 248 2856 non
266 2816 357 2858 more
376 2797 509 2884 antiquo
530 2817 546 2856 a
565 2795 706 2880 populo,
729 2793 784 2878 qui
805 2791 1075 2879 perduellionem*

70 2873 272 2954 judicarent,
297 2877 354 2938 sed
373 2899 390 2938 a
410 2891 561 2962 praetore
581 2875 665 2936 dati:
697 2875 745 2936 sic
765 2873 858 2938 ducta
877 2889 984 2950 sorte,
1007 2865 1075 2965 ut',:

69 2977 127 3037 res
143 2959 419 3042 suspiciosisiima,
442 2960 561 3022 Lucius
581 2971 614 3019 et
630 2955 723 3036 Cajus
740 2957 819 3018 Jutii
835 2953 991 3020 Caesares
1003 2950 1073 3018 de·

70 3053 157 3102 rent.
189 3039 305 3118 aceio
330 3055 419 3104 certe
442 3055 505 3103 tam
532 3037 650 3122 cupide
678 3037 909 3099 condemnatus
935 3033 995 3112 ess,
1027 3050 1068 3118 ut,

69 3141 163 3184 more
182 3121 336 3200 majorum
352 3119 391 3183 ad
411 3123 564 3208 populum
584 3119 775 3204 provocanti
792 3119 872 3180 nihil
890 3122 1002 3202 aeque,
1019 3119 1072 3180 ‘ad

69 3199 192 3280 judicis
215 3203 391 3272 acerbitas,
421 3201 595 3288 profuerit.
637 3203 704 3263 Pro
726 3199 788 3262 boc
811 3221 870 3264 reo
892 3199 1063 3264 Ciceronis

70 3281 171 3344 ealles
188 3285 310 3356 oratio,
333 3303 432 3369 quae,
456 3283 526 3368 ipso
543 3281 668 3357 indice,
699 3296 811 3370 quarta
824 3273 1010 3345 'babitaru'm
1029 3279 1066 3343 in

68 3365 238 3427 consulatu
253 3363 326 3428 suit.
995 3361 999 3374 '

130 3471 247 3535 xntv.
279 3471 529 3536 Periclitabatur
551 3486 657 3534 tamen
682 3491 776 3546 reus,
808 3472 908 3552 (tanta
930 3467 982 3532 tis
1002 3465 1057 3532 ad·
1088 3455 1235 3522 sumus

67 3553 182 3616 versae
208 3551 359 3616 sectionis
386 3555 474 3634 erat)
498 3574 594 3696 puum
618 3551 658 3696 R.
679 3553 804 3614 Metelli
827 3549 970 3624 Celeris,
1001 3524 1236 3634 qupfscsausnt.

66 3649 204 3720 Pf³⁰l⁰r
222 3647 255 3695 tt
273 3653 374 3717 augur
392 3650 479 3708 erat,
517 3650 622 3698 actoe
660 3633 826 3696 liberatus.
860 3631 1057 3714 centuriatis
1071 3609 1180 3648 'mm'

64 3717 208 3780 comitiis
228 3715 268 3776 de
286 3713 515 3798 perduelliope
531 3717 671 3860 populus
688 3713 857 3795 judicabat.
887 3714 942 3776 ills
960 3733 1058 3797 quum
1135 3729 1139 3745 .

65 3801 151 3861 intra
173 3798 378 3882 pomoerium
398 3795 473 3860 fieri
490 3819 532 3861 ne
548 3819 582 3860 as
599 3797 696 3870 esset,
717 3797 895 3881 antiquitus
914 3793 1059 3859 aras-tls·

97 3988 172 4059 cap.
191 3987 264 4042 xm.
288 3985 357 4040 nro.
375 3985 453 4068 rtps.
489 3985 562 4058 cap.
577 3985 664 4042 xnn.
680 3985 746 4068 pte.
764 3979 801 4037 aa
815 3983 876 4038 sn.
891 4001 917 4049 a,
936 4001 962 4038 t.
978 3981 1054 4038 atta.

62 4053 1058 4190 lit?ababli.¹l¹.⁰ass?tl5?,¹}tlf‘s.⁵.ltlf''ssltttttt

62 4189 123 4250 cic.
140 4193 177 4250 sd
190 4189 256 4250 'Att-
271 4209 297 4264 a,
314 4213 339 4252 m
375 4192 448 4264 Gap.
463 4191 564 4251 xtlv.
582 4192 650 4250 uto.
668 4189 770 4250 Rosia.
784 4187 978 4266 Antimliom.
990 4187 1017 4257 b,
1027 4206 1060 4258 9.·
