2702 4694
198 307 208 322 .
252 255 681 372 macerrimam.
705 257 821 346 nnn.
977 257 1038 325 sos

54 492 84 540 et
100 471 359 562 praestentillimo
375 473 511 554 juvene,
534 471 830 558 pulcherrimisque
851 473 1038 558 legionibus
1069 467 1105 527 u·
1123 486 1150 527 c·
1165 469 1225 540 ⁶99·

52 559 180 622 interiit.
225 557 362 618 Plurimi
382 558 477 617 etiarn
497 571 665 618 senatores
685 575 756 618 cum
776 557 900 642 aliquot
919 577 1038 620 consu·
1069 539 1106 600 Ᾰ·
1120 541 1211 602 ⁰⁸⁵3·

52 643 166 704 laribus
193 655 226 702 et
252 639 428 722 praetoriis
455 639 633 702 desiderati
660 653 744 701 sunt.
787 644 823 700 ln
848 639 1039 704 universum

52 716 193 788 oecidille
215 721 329 804 viginti
346 721 455 794 millia,
478 721 592 784 decem
612 735 702 806 capta
720 721 929 786 referuntur:
952 723 1042 808 quod

51 807 87 870 de
99 806 248 868 llomanis
267 803 484 866 tantummodo
500 803 605 890 copiis
622 805 871 888 intelligendum
884 805 1039 882 arbitror,

53 910 142 974 quum
157 889 345 972 Appianas,
370 885 411 947 de
427 903 555 950 centurn
570 887 712 951 millibus
727 887 892 952 hominum
908 909 972 950 non
988 903 1041 953 to-

52 985 78 1034 ta
102 973 210 1032 decern
238 970 338 1030 millia
363 969 481 1032 rediise
506 971 538 1030 in
560 972 702 1052 Syriam,
732 955 861 1033 narr‘et:
898 971 1037 1048 Florus,

53 1075 170 1150 sparsas
190 1053 225 1113 in
243 1051 447 1126 Armeniam,
472 1050 636 1126 Ciliciam,
661 1051 850 1139 Syriamque
868 1051 1038 1140 reliquias,
1100 1086 1102 1092 ·

50 1158 99 1198 nx
119 1136 270 1207 nuncium
288 1134 389 1198 cladis
408 1135 563 1198 retulilie.
607 1140 758 1220 Magnum
784 1139 871 1200 inter
892 1137 954 1199 hos
972 1139 1039 1200 Lu-

52 1239 193 1281 canorum
217 1217 313 1280 suille
338 1237 507 1280 numerum
531 1217 715 1282 adnotatum
736 1219 938 1306 ell.propter
960 1239 1038 1304 prot·

51 1300 183 1384 digium,
207 1299 296 1386 quod
315 1317 398 1362 anno
418 1301 591 1384 superiore
611 1299 644 1360 in
656 1301 796 1366 Lucanis
808 1303 928 1384 pluille
944 1303 1038 1364 lerro

52 1385 225 1446 nunciatum
240 1397 329 1458 erat,
354 1397 386 1454 et
402 1382 544 1446 carenda
561 1403 702 1466 superna
718 1387 851 1448 vulnera
868 1405 943 1448 arus
968 1383 1039 1448 icen

51 1465 289 1550 responderant,
312 1465 405 1549 quasi
423 1464 464 1526 do
480 1464 674 1526 Parthorum
690 1469 816 1550 sagittis
830 1407 1037 1540 munuilhent,

51 1569 119 1630 quas
136 1548 184 1610 illi
205 1548 356 1622 solebant
374 1547 489 1608 imbris
511 1544 606 1607 instar
625 1565 792 1631 spargere,
816 1569 881 1610 non
900 1547 1037 1610 directis

50 1629 174 1706 ictibus,
198 1629 258 1694 sed
279 1630 313 1691 in
332 1629 429 1692 altum
446 1629 586 1706 emiffis,
609 1628 695 1692 uude
713 1645 836 1696 temere
851 1630 1038 1696 inciderent
1122 1683 1126 1691 ,
1242 1633 1246 1642 ’

50 1711 193 1792 subjectis
213 1709 352 1775 bostium
371 1711 566 1796 agminibus.

102 1821 180 1886 LIX.
203 1819 350 1883 Cadaver
368 1821 579 1906 imperaturis
597 1823 686 1886 inter
703 1837 814 1886 cetera
828 1842 969 1906 corpora
982 1821 1035 1886 ie·
1055 1840 1225 1916 0⁹„me

49 1901 89 1963 ris
106 1916 137 1966 et
153 1901 286 1964 alitibus
307 1903 477 1966 relictumc
509 1919 606 1990 caput
628 1926 700 1968 cum
718 1905 852 1968 dextera
869 1925 964 1966 mann
983 1912 1225 1984 reaptante-

51 1983 137 2046 latum
151 1983 191 2048 ad
206 2003 332 2069 regens,
356 1999 422 2048 tum
437 1987 573 2050 maxime
587 1989 699 2072 epulas
714 2007 786 2050 cum
798 1987 960 2052 Artabazo
973 1991 1035 2050 hr-
1047 1985 1231 2052 'wtulflflll

50 2068 146 2129 rnouio
166 2069 399 2132 celebrantem.
442 2073 559 2131 Pacem
580 2069 666 2132 enim
683 2071 809 2132 interea
828 2071 1034 2154 pepigerant,
1046 2052 1183 2122 'mnu‘

49 2149 162 2211 Pacoro
181 2147 251 2212 lilio
269 2149 383 2213 Parthi
401 2151 564 2236 desponsa
582 2153 753 2214 Artabanis
774 2171 901 2216 sorore.
933 2155 1035 2217 Forte

49 2242 106 2292 tum
119 2235 232 2306 lason,
255 2233 497 2317 tragoediarum
510 2248 612 2308 actor,
633 2236 768 2318 Agaven
787 2235 939 2307 recitans,
960 2254 1036 2297 ccr-

50 2313 138 2396 ripuit
162 2315 264 2378 Crassi
288 2331 404 2399 caput,
437 2317 668 2414 (puellamque,
700 2318 859 2389 carmina,
891 2338 972 2400 quae
992 2317 1036 2381 de

50 2395 182 2460 Pentheo
199 2399 326 2460 lecerat
342 2396 540 2482 Euriprdes,
562 2399 724 2462 recitavit.
767 2395 842 2480 Poll
858 2397 923 2459 hoc
941 2397 1035 2460 dein·

50 2477 84 2538 de
97 2481 284 2552 ludibrium,
308 2479 343 2540 in
362 2480 480 2541 rictum
498 2481 566 2541 oris
585 2501 697 2542 aurum
716 2481 739 2541 li
765 2480 927 2548 aefectum
945 2480 1032 2542 insu-

50 2557 153 2626 derunt
169 2561 283 2627 Parthi
304 2581 376 2624 cum
395 2561 648 2646 exprobratione
669 2502 841 2632 anschise,
864 2582 896 2624 at
911 2563 1033 2645 satiaret
1125 2623 1132 2630 ,

44 2639 184 2722 [ιιαηᾶεηι
202 2667 244 2720 eo,
266 2643 340 2725 quad
357 2641 475 2722 infinitis·
493 2645 580 2704 nwdis
592 2643 703 2726 Js'tiffet.
734 2645 815 2706 Erat
828 2643 916 2706 enim
930 2663 1032 2730 appe·

48 2727 224 2792 tantillimus
241 2727 419 2814 pecuniae,
447 2737 639 2822 quamquam
657 2741 759 2790 tantas
777 2725 913 2790 baberet
930 2747 1031 2810 opes,

48 2820 159 2870 rreum
176 2829 239 2894 pro
256 2829 402 2892 paupere
418 2821 650 2880 miseraretur,
680 2809 735 2894 qui
754 2827 794 2869 ex
812 2809 880 2870 sois
897 2808 1032 2871 facultat-
1113 2881 1119 2897 ἱ

48 2889 123 2952 tibus
146 2891 326 2956 exercitum
351 2893 439 2954 alere
464 2911 528 2952 non
551 2890 666 2974 pollet.
710 2891 773 2952 llic
795 2891 857 2952 fuit
880 2912 978 2976 opum
998 2905 1033 2955 et

48 2975 211 3054 potentiae,
232 2989 295 3037 tam
312 2973 478 3036 laboriose
496 2992 533 3033 ac
549 2971 704 3058 nequiter
719 2988 923 3057 comparatae
936 2976 1035 3037 Cras·

50 3073 89 3126 ao,
109 3059 284 3120 terminus:
308 3055 399 3136 cujus
419 3057 515 3116 etiam
531 3055 695 3128 interitus,
718 3068 878 3152 tamquam
893 3070 1032 3140 remoto,

50 3155 133 3217 quem
155 3140 249 3202 ambo
275 3139 501 3221 respicerent,
540 3136 650 3198 socios
675 3137 853 3219 tyrannidis
882 3138 970 3198 inter
995 3157 1033 3200 se

49 3221 275 3296 commisit‚.ut
295 3235 328 3282 et
347 3220 408 3282 hos
424 3220 521 3282 velox
535 3237 645 3360 poena
663 3219 975 3304 comprehendereta
998 3232 1034 3301 et

47 3309 105 3364 tres
128 3316 287 3365 terrarum
305 3315 436 3388 partes,
471 3303 532 3363 Cra
561 3321 598 3361 us
618 3300 651 3362 in
668 3301 766 3378 Asin,
798 3301 973 3388 Pompeius
996 3301 1032 3362 in
1114 3359 1119 3369 ,

47 3381 165 3460 Africa,
193 3389 314 3449 Caesar
337 3385 487 3446 intEuro
512 3403 529 3444 a
557 3381 746 3458 interfecti,
778 3403 840 3468 pro
868 3383 1061 3468 imperiop

47 3465 123 3544 quod
145 3479 258 3530 contra
278 3467 327 3530 las
346 3466 459 3549 partiti
493 3477 630 3539 nerant,
661 3463 892 3540 cadaveribus,
923 3479 956 3526 et
976 3465 1033 3525 vix

47 3549 216 3630 sepulcris,
249 3549 447 3614 obtinerent.
491 3545 558 3609 Sed
584 3567 692 3631 neque
715 3547 846 3610 Parthis
871 3548 913 3608 im
940 3545 1031 3608 uuita

45 3627 171 3708 perfidia
191 3645 225 3696 et
243 3631 420 3695 crudelitas
438 3627 511 3691 fuit.
546 3627 713 3708 ¹Surenam
732 3631 840 3714 paullo
859 3650 902 3715 po
932 3628 1031 3689 invi·

46 3707 90 3769 dia
106 3715 229 3796 gloriae
244 3715 314 3796 ejus
327 3711 458 3778 Orodes
473 3711 656 3772 interemit:
680 3710 825 3787 Orodes,
846 3710 1031 3800 proceden-

46 3803 73 3852 te
89 3807 252 3881 tempore,
275 3797 450 3860 aPhraate
468 3791 538 3856 filio
557 3789 602 3856 est
619 3791 774 3856 sublatus.

74 3951 141 4024 cap.
157 3953 263 4010 nvur.
282 3953 369 4010 oro..
387 3953 463 4008 rut.
482 3953 613 4080 appas.
631 3953 732 4008 raras.
751 3947 872 4035 usqae,
888 3933 930 4006 ιιζ
949 3948 1028 4032 ripn.
1073 4011 1076 4019 ,

45 4019 115 4083 abb·
150 4024 190 4078 Ca
215 4023 306 4080 mlx.
327 4021 393 4078 Val.
405 4021 514 4077 Manl.
543 4060 552 4078 .
574 4021 657 4077 hlor.
676 4023 754 4076 Plut.
771 4024 842 4079 Dio.
862 4019 944 4077 Flor.
958 4023 1029 4076 Dte.

47 4089 181 4150 CicPara
204 4096 289 4154 omb-
308 4091 385 4152 vett.
397 4093 478 4161 ²24⁶·
496 4091 580 4148 Flor.
592 4097 657 4162 4,a.
675 4093 755 4168 Plnt.

379 4203 687 4234 w—*s--n
