2734 4688
256 236 302 294 tn
325 223 569 293 hoenstetta.
589 223 832 292 xclx.Ltv11.
987 236 1046 311 aar

771 365 858 378 *-

59 435 360 516 ναιηηύἱίσαηιβιὶυαηι
375 434 425 516 effe
438 435 558 508 milen,
579 433 712 516 adiacens
724 433 903 514 accipiendam
916 437 1046 517 cdeffnn.
1078 439 1114 502 U.
1130 462 1157 500 c.
1173 443 1236 504 686.
1285 451 1290 464 ·

56 519 182 582 Deinde
206 520 321 598 majori
337 539 431 584 manu
448 517 599 602 stipatus,
621 517 705 600 legis
722 513 941 600 perferendae
956 539 1047 588 caua
1077 511 1114 574 Δι
1129 515 1216 583 ΜΤ·

56 623 86 664 sa
105 604 293 685 progrelfus
313 601 573 682 inconcinnam,
601 600 767 683 negotium
786 597 939 680 perfecit.
981 607 1048 668 Ne.

57 703 117 765 que
143 697 260 766 sponte
286 684 393 768 legem
418 704 489 746 eam
516 682 621 746 tulisse
646 681 756 744 constal
781 684 868 759 juxta
891 683 1050 766 quosdam

56 779 204 830 eructares
221 779 370 850 putatur,
400 766 469 849 ipfe
486 764 623 828 crimine
644 764 759 828 ecdem
777 781 918 836 nocens,
943 779 977 830 et
993 769 1050 830 vix

55 847 154 926 gratia
179 867 374 931 paucorum,
404 869 445 910 ne
471 847 604 910 caull‘am
628 845 773 920 diceret,
805 859 957 928 ereptura
988 849 1049 912 sed

55 929 221 992 acerbiora
240 930 357 994 timens
374 943 503 994 senatus
521 940 742 1012 praeceperat.
777 927 818 988 Ut
831 939 937 990 tamen
954 949 991 994 ea
1006 930 1048 994 de

56 1010 193 1071 consulis
221 1012 351 1074 infamia
376 1012 482 1074 minus
507 1009 654 1082 credam,
688 1023 796 1072 cetere
817 1007 886 1090 ejus
905 1013 1046 1094 gravitas

57 1107 87 1158 et
107 1091 284 1156 'conflantia
309 1095 405 1166 lacit,
443 1108 588 1180 tempore
614 1093 819 1157 comitiorum
842 1093 1046 1156 memorabili

56 1194 133 1236 voce
155 1175 310 1261 factoque
333 1175 451 1240 testata.

114 1283 181 1345 XL.
210 1287 255 1342 Μ.
279 1285 467 1357 Palicanus,
497 1284 594 1348 bomo
620 1281 773 1344 sordidus
798 1297 831 1344 et
852 1281 1043 1358 seditiosus,
1074 1275 1222 1334 Palicanus

55 1363 248 1425 confulatum
268 1379 383 1448 petere
401 1365 513 1441 aufus,
541 1367 625 1428 miro
642 1362 773 1426 ssclidce
790 1364 979 1446 plebeculae
997 1348 1213 1428 fa·‘''“''.¹““⁸

54 1465 132 1507 vore
143 1445 380 1512 sublevabatur.
413 1447 480 1510 Sed
497 1462 529 1510 et
546 1445 668 1510 tribuni
684 1445 790 1528 plebis
803 1447 833 1508 ei
844 1446 987 1518 aderant,
1006 1447 1045 1510 ab
1056 1415 1224 1470 ‘'dm'‘

54 1527 114 1590 hoc
133 1529 281 1612 exemplo
300 1551 377 1592 suae
395 1530 563 1594 ambitioni
586 1527 729 1613 paraturi
747 1527 929 1592 faciliorem
947 1529 1043 1590 viam.

54 1610 113 1671 llis
133 1611 267 1684 Patres,
290 1627 324 1674 et
346 1628 419 1677 ante
442 1626 572 1676 eeteros
591 1609 702 1672 contat
721 1609 818 1682 Piso,
839 1607 1042 1672 resistebant.
1120 1657 1124 1666 .

54 1692 153 1773 lgitnr
178 1691 301 1754 tribuni
328 1695 425 1758 modo
450 1713 515 1756 non
541 1693 688 1755 manibus
714 1691 783 1754 suis
802 1691 961 1754 sublatum
981 1713 1044 1777 pre

55 1771 162 1835 rostris
180 1770 374 1855 [latuerunt;
403 1792 437 1840 et
461 1777 624 1860 utrimque
648 1773 838 1835 circumfusi
859 1773 1043 1915 interrepe-

55 1869 143 1928 runt,
175 1853 275 1935 effirne
292 1860 451 1920 Palicanum
474 1875 684 1920 rntntacrararus
704 1853 855 1936 consulem,
884 1853 915 1935 ss
934 1859 981 1934 qai
1001 1876 1043 1914 em

47 1935 139 2015 frctus
156 1961 173 1997 c
188 1938 286 2018 papale
294 1941 398 2020 joret?
417 1941 488 2014 llle,
511 1959 563 2000 nen
578 1937 730 2014 existimare
739 1935 883 2016 saturum,
906 1935 1040 2020 refpcn-

55 2017 110 2090 dit,
131 2040 163 2080 nt
179 2040 209 2080 eu
224 2022 398 2105 indignitatis
412 2027 560 2083 acciretur.
602 2021 657 2092 At,
678 2015 871 2102 urgentibus
890 2017 967 2092 illis,
989 2017 1039 2079 di·

55 2101 282 2187 centibusque,
311 2101 393 2187 ,Quid
411 2107 517 2185 igitar,
538 2097 569 2180 fi
582 2121 693 2164 anatum
706 2100 826 2180 siseris?
847 2097 1038 2160 rettnrrciabis?
1068 2101 1219 2184 cufi-antia

55 2181 116 2242 Non
143 2186 321 2258 renunciabo,
355 2185 470 2271 inquit.
512 2183 620 2268 Atque
646 2181 739 2246 vocis
770 2179 866 2262 hujus
917 2167 1218 2244 raccffan⁸⁰⁸⁸⁸,⁶⁶·

55 2265 209 2362 severitas
226 2267 411 2332 Palicanum
431 2289 449 2330 a
470 2287 591 2330 summa
610 2286 669 2352 spe
690 2262 885 2350 impetrandi
926 2240 1183 2328 cnorisd‘m·

53 2362 201 2410 removit.

105 2457 191 2518 ΧΗ.
214 2455 275 2517 llis
288 2454 511 2517 occasionibus
527 2452 728 2516 diffidiorum
742 2451 895 2537 arreptis,
911 2451 947 2514 C.
958 2452 1040 2516 Cor·

52 2539 174 2612 celius,
204 2551 240 2599 ut
260 2551 390 2600 senatus
408 2537 570 2600 minueret
585 2537 826 2606 auctoritatem,
854 2534 1040 2618 promulga-

54 2623 96 2682 rit
113 2621 233 2704 legem,
255 2641 289 2680 ne
304 2625 374 2700 qais,
396 2619 448 2700 rufi
460 2637 509 2700 per
524 2617 661 2699 populum
682 2615 785 2697 legibue
796 2615 962 2696 fislvererar.
1001 2613 1040 2678 ld

53 2703 228 2785 antiquitus
249 2721 377 2786 quoque
397 2715 533 2772 cautum,
556 2697 642 2762 etin
662 2697 811 2760 omnihus
829 2709 1040 2760 senatuscon-

53 2785 159 2857 sultis,
192 2785 321 2870 qucties
347 2783 474 2866 legibus
500 2781 617 2866 aliquis
641 2779 845 2850 solveretur,
878 2775 1040 2856 adjectum

54 2881 128 2936 erat,
151 2887 185 2926 at
203 2887 233 2924 ea
251 2867 286 2926 de
304 2888 336 2926 re
352 2875 388 2942 ad
402 2863 680 2946 populum-firmum
713 2859 779 2922 Sed
798 2859 961 2944 paullatim
979 2856 1039 2920 fie-
1113 2889 1115 2897 =

52 2948 79 3004 ri
97 2963 166 3010 erat
184 2947 334 3020 desitum,
357 2967 475 3029 resque
489 2946 550 3026 jam
568 2945 601 3006 in
617 2963 686 3006 eam
703 2939 968 3004 consuetudinem
982 2959 1039 3004 ve·

52 3044 158 3102 neret,
180 3045 217 3093 ut
237 3027 395 3114 postremo
414 3049 455 3090 ne
474 3027 670 3108 adjiceretur
686 3022 818 3107 quidem
840 3023 873 3084 in
893 3033 1039 3084 senatus·

52 3111 203 3174 consultis
219 3111 260 3176 de
278 3112 445 3198 rogatione
460 3109 500 3170 ad
513 3107 666 3193 populum
678 3103 831 3168 serenda:
855 3123 956 3188 caque
972 3099 1039 3186 ipsa

54 3195 323 3256 senatusconsulta
347 3213 407 3278 per
431 3211 550 3274 paucos
573 3187 743 3250 admodum
765 3184 894 3258 fiebant,
935 3187 948 3244 l
972 3183 1039 3244 itur
1153 3261 1155 3269 y

51 3293 116 3334 eam
135 3275 283 3340 Cornelii
302 3274 503 3359 rogationem
520 3269 652 3353 indigne
671 3269 813 3330 tulerunt
829 3205 1039 3350 potentidi‘tmi

53 3358 189 3500 quiippe,
220 3373 253 3422 et
276 3357 413 3442 quorum
435 3355 468 3418 in
494 3367 606 3417 senatu
629 3351 731 3436 gratia
755 3367 951 3434 magnopere
976 3345 1038 3410 mi-

53 3457 113 3500 nuc
138 3453 220 3502 atur.

111 3543 208 3604 xblt.
230 3546 291 3608 llis
310 3543 547 3629 satagentibus,
569 3545 607 3604 P.
624 3539 783 3602 Servilius
801 3534 960 3600 Globulus
977 3532 1037 3598 tri·
1063 3519 1222 3577 secarent.

50 3617 153 3685 bonu,
173 3625 281 3708 9¹⁸¹)ss
300 3627 449 3690 mmm!
468 3625 531 3697 esta
553 3624 608 3710 qui
629 3623 664 3686 C.
681 3619 835 3682 Cornelio
854 3613 1036 3680 obsisteret.
1050 3591 1168 3646 ΜΨ·
1272 3668 1275 3681 ¹

51 3701 99 3776 ls,
129 3708 184 3772 ubi
211 3709 294 3794 legis
315 3708 469 3772 ferendae
490 3709 561 3770 dies
581 3704 688 3774 veuit,
719 3715 753 3762 et
768 3719 907 3783 praeco,
937 3696 1038 3778 subii.

51 3787 154 3851 ⁰³⁰¹¹1²
176 3793 300 3863 scriba,
331 3791 429 3854 verba
447 3791 530 3876 legis
548 3787 688 3851 recitare
706 3783 833 3868 populo¹
845 3779 972 3864 coepit,
1003 3793 1038 3844 ee

51 3869 186 3935 ‘clibana
208 3874 389 3956 subjicere,
421 3887 454 3936 ct
473 3889 667 3958 praeconem
688 3865 907 3951 pronunciare
931 3862 1037 3947 paffue

53 3997 372 4016 Ἢ

51 4059 302 4188 Difiapdsddicm'
319 4060 387 4118 Dio.
423 4062 496 4137 cap.
510 4056 568 4116 Xb.
588 4057 655 4118 Val.
671 4052 835 4146 Μιι.13,8.
872 4051 946 4124 Cap.
961 4046 1033 4104 Xbl.
