2666 4688
291 53 296 86 Ι
423 90 434 106 ,
1202 65 1209 102 t

303 271 346 338 aa
367 259 566 326 carrusa.
580 257 726 324 suren.
739 217 1306 324 n'.xa1.1nncc.t.axxv1.t.1v.

134 477 169 532 U.
187 475 284 544 ndei.
312 442 325 465 l
363 471 416 531 Ll.
446 469 550 553 Igitur
580 466 835 552 Neoptolemus,
880 464 937 527 uhi
958 464 1058 546 dejici
1091 465 1165 528 suos
1191 461 1308 536 videt,

133 546 271 602 Mhffi·
303 550 436 614 salutem
462 550 605 613 omnium
639 549 674 610 in
699 567 740 611 eo
764 547 850 610 verti
878 561 985 621 ratus,
1034 562 1070 611 ut
1087 549 1180 612 locus
1211 560 1324 609 tene-¹

140 643 418 708 Nicomedesretur,
458 632 614 696 celeriter
649 630 690 693 ad
720 650 816 716 opem
846 629 1015 694 serendam
1052 629 1199 702 advolat,
1242 631 1310 693 ar-

122 713 213 796 ?Ylm
232 711 291 766 υἷ’·
304 715 410 780 cathia
418 714 588 801 quoquein
597 727 723 800 partem
731 713 873 798 periculi
882 713 997 779 accito.
1006 714 1079 776 Hoc
1087 713 1311 776 ubiNicome-

122 792 170 836 ⁶⁸⁸·
304 799 364 861 des
382 797 568 883 conspexit,
586 793 773 860 universum
788 815 823 856 ra
847 795 873 858 it
883 815 1010 878 agmen,
1029 809 1061 858 et
1070 791 1222 880 polluere
1232 813 1311 856 ccr-

303 895 422 952 tamen,
444 876 799 965 multosangninesuso,
843 877 1048 960 ithridaticos
1057 877 1091 938 in
1100 877 1209 961 fugam
1218 877 1312 960 agit;

304 960 437 1025 illustris
455 961 614 1024 victoriae
633 961 763 1022 iuturus
779 979 926 1056 compos,
951 961 1020 1022 nisi
1038 957 1218 1022 Archelaus
1234 978 1315 1018 cum

304 1044 371 1107 suis
390 1059 514 1106 mature
530 1043 782 1128 persequentem
800 1039 966 1125 fugientes
985 1065 1002 1104 a
1018 1044 1120 1104 latere
1135 1039 1312 1104 invasisset.

135 1143 236 1200 Dana,
255 1147 291 1201 ,p
366 1129 432 1188 Lll.
457 1124 564 1206 Huius
588 1126 711 1188 virtute
739 1137 773 1186 et
796 1123 969 1208 prudentia
994 1121 1135 1187 mirifica
1161 1143 1314 1185 commu·

108 1214 292 1270 Areioiaasu·
304 1223 368 1272 tata
387 1229 515 1304 pugnae
532 1205 664 1270 fortuna
682 1203 737 1270 est.
780 1209 861 1269 Nam
877 1205 1024 1269 aversum
1041 1207 1077 1267 in
1099 1205 1133 1269 se
1152 1205 1314 1270 Nicome-

103 1297 231 1356 ΜΝ·
304 1291 398 1363 dem,
433 1309 561 1374 jamque
587 1301 748 1374 concepta
771 1286 827 1374 spe
846 1287 1022 1362 vincendi,
1054 1303 1088 1351 et
1105 1287 1315 1374 impatientia

305 1393 418 1436 morae
444 1373 582 1436 calidius
612 1370 797 1442 instantem,
834 1370 972 1434 servatis
996 1371 1166 1434 ordinibus
1193 1367 1317 1433 sensim

305 1454 512 1530 recedendo,
544 1455 706 1540 tantisper
721 1451 843 1525 tenuit,
866 1453 973 1516 donec
991 1455 1207 1538 Neoptolemo
1226 1453 1317 1514 reti-

305 1538 407 1602 nendi
419 1537 494 1598 suos
505 1535 673 1620 aciemque
684 1534 814 1600 redinte
839 1534 932 1597 randi
943 1534 1078 1620 spatium
1091 1535 1180 1598 essct.
1203 1534 1317 1617 Dein-

178 1634 186 1646 *
304 1619 346 1683 de
362 1617 538 1683 conversus
556 1620 590 1680 in
609 1617 732 1682 hostem
752 1556 925 1702 quadrigae
938 1616 1069 1680 falcatas
1081 1616 1218 1692 immifit,
1242 1639 1319 1680 non

302 1701 369 1764 fine
400 1700 492 1764 clade
521 1701 745 1782 Bithynorum.
791 1699 945 1761 Ceterum
968 1699 1089 1781 major,
1131 1721 1227 1784 quam
1245 1721 1317 1784 pro

302 1783 433 1854 damno,
459 1797 571 1845 terror
589 1795 669 1845 erat.
712 1779 869 1849 Foeditas
884 1781 1061 1868 spectaculi
1078 1803 1129 1844 ma
1153 1783 1194 1857 ie,
1236 1805 1319 1846 uam

301 1867 354 1929 vi's
386 1861 541 1938 hostium,
576 1863 719 1928 turbavit
749 1861 900 1926 ordines:
935 1885 1034 1949 quum
1061 1803 1176 1928 calidis
1203 1805 1318 1928 dlhuo

302 1947 496 2011 vulneribus
514 1947 695 2010 semineces
713 1945 826 2020 viros,
858 1945 960 2009 divisa
980 1967 1141 2033 corpora,
1172 1947 1319 2010 truncoh

301 2043 394 2092 artus
422 2029 455 2092 in
486 2031 588 2092 multo
619 2028 774 2113 sanguine
802 2029 960 2104 volutari,
998 2029 1136 2091 aliorum
1163 2031 1319 2094 membra

300 2111 400 2176 hallis
419 2125 474 2173 aut
488 2109 629 2174 falcibus
648 2131 802 2174 curruum
817 2111 920 2172 rotari
941 2127 1128 2176 cernerent.
1171 2115 1320 2176 Perter-

301 2194 377 2256 ritis
392 2193 572 2256 Archelaus
589 2193 738 2263 aironte,
762 2193 998 2276 Neoptolemus
1012 2193 1237 2268 etArcathias,
1256 2216 1321 2258 re-

303 2275 465 2349 collectis,
483 2276 538 2359 qui
556 2275 720 2360 sugerunt,
743 2295 760 2334 a
775 2287 872 2356 tergo
891 2273 1082 2339 incubuere.
1115 2278 1183 2338 Diu
1200 2290 1322 2339 tamen

304 2358 456 2442 utrisque
473 2355 623 2420 restitere
631 2356 708 2421 Bith
722 2356 775 2430 ni,
793 2355 911 2430 donec,
921 2358 1091 2454 plerisque
1102 2359 1319 2434 cadentibus,

197 2447 205 2458 ¹
304 2438 516 2513 Nicomedes,
539 2437 654 2503 solutis
666 2379 849 2512 ordinibus,
873 2439 964 2501 abitt.
999 2441 1323 2526 FugienteminPa-

304 2521 513 2604 phlagoniam
528 2519 656 2605 sequuti
672 2521 754 2594 sunt,
801 2520 833 2581 ui
847 2535 1045 2604 potuerunt:
1066 2537 1197 2594 ceteros
1208 2545 1323 2608 proe-

305 2602 386 2667 lium
403 2602 559 2677 consecit,
582 2608 637 2666 alat
651 2604 685 2664 in
699 2541 888 2688 potehatcrn
906 2604 1046 2668 victoris
1061 2605 1196 2668 tradidit
1207 2609 1324 2691 capti-

303 2683 646 2774 vitae.cailraquoque
657 2705 730 2748 eum
738 2687 1076 2770 pecuniaNicomedis
1089 2708 1125 2751 ca
1149 2702 1181 2750 ta
1192 2688 1284 2751 sunt.

367 2769 448 2832 Llll.
469 2769 560 2830 Haec
582 2789 692 2854 pugna
709 2769 875 2830 Romanos
894 2769 993 2831 etiam
1014 2769 1115 2850 duces
1127 2711 1217 2832 haud
1241 2791 1326 2833 me-

306 2847 469 2911 diocriter
497 2851 692 2913 commorit:
730 2848 819 2934 quod
848 2869 910 2936 per
937 2871 955 2913 e
1002 2852 1109 2916 editos
1134 2867 1259 2914 tantum
1283 2869 1328 2918 et

307 2932 456 3015 equites,
488 2951 587 3016 quum
615 2932 725 3016 gravis
746 2945 928 2996 armaturae
949 2954 988 2994 ro
1012 2955 1052 2995 ur
1077 2935 1215 3008 abesset,
1238 2957 1329 3001 rem

306 3025 426 3074 tantam
445 3011 628 3078 consectam
648 3013 732 3088 else,
761 3013 850 3074 nulla
871 3013 1018 3078 locorum
1041 3017 1327 3102 opportunitate,

304 3093 397 3156 nullo
416 3091 555 3158 hostium
573 3117 690 3160 errore
711 3094 882 3174 adiurante
901 3099 1081 3174 Ponticos,
1111 3119 1153 3161 ne
1172 3121 1328 3166 nurnero

306 3175 441 3259 quidem
455 3197 577 3263 aequo,
599 3178 656 3242 sed
679 3175 815 3260 consilio,
827 3176 947 3240 ducum
963 3194 997 3242 et
1013 3181 1139 3244 virtute
1156 3179 1329 3262 militum,

307 3258 496 3322 cernebant.
540 3260 695 3346 Captivos
716 3259 756 3322 ad
782 3259 815 3321 se
842 3259 1000 3324 adductos
1021 3262 1232 3327 Mithridates
1257 3277 1329 3330 co-

306 3338 407 3401 miter
437 3340 571 3417 affatus,
603 3343 722 3405 viatico
743 3341 840 3416 dato,
863 3341 979 3406 dimisit
996 3345 1148 3418 domum,
1169 3359 1206 3408 ut
1223 3345 1329 3413 inter

304 3419 399 3484 initia
412 3443 522 3486 rerum
534 3425 647 3490 utilem
657 3425 849 3488 clementiae
859 3423 975 3488 samam
990 3427 1204 3514 adquireret.⁴
1217 3429 1329 3496 Circa

307 3501 422 3566 eadem
447 3519 514 3567 tem
539 3527 596 3570 ora
619 3505 784 3582 Thraces,
826 3509 883 3591 qui
901 3529 967 3571 non
990 3505 1055 3571 fine
1080 3509 1157 3572 dolo
1178 3509 1329 3580 Mithri.

306 3583 391 3648 datis
412 3591 504 3650 Mace
529 3591 636 3652 oniam
681 3589 914 3674 epulabantur,
942 3590 1089 3676 magnam
1106 3592 1149 3653 iia
1166 3593 1252 3656 locis
1276 3617 1329 3660 eat

305 3665 451 3733 vastitate
469 3670 588 3734 samem
605 3687 638 3735 et
656 3613 815 3736 lrumenti
832 3673 999 3734 caritatem
1019 3671 1228 3759 ¹eiiecerunt;
1253 3675 1329 3740 do.

304 3769 386 3826 nec,
410 3774 427 3814 a
450 3768 605 3836 praetore
621 3753 835 3818 Macedoniae
859 3756 895 3817 C.
915 3755 1029 3816 Sentio
1053 3755 1214 3842 superati,
1238 3779 1329 3826 curn

303 3851 385 3916 rege
403 3833 460 3898 suo
480 3836 630 3900 Sothimo
650 3837 690 3899 ad
706 3838 828 3922 patrias
845 3835 940 3900 sedes
958 3851 1180 3902 reverterunt.

245 1017 250 1050 l

327 3983 378 4064 ‘ca
401 3981 770 4068 commanentem
794 3985 852 4042 tan.
880 3946 1329 4064 ea.L111.Diod.apudvat.

300 4051 365 4110 tna
380 4000 464 4128 hprt.
481 4053 544 4112 cto.
562 4069 593 4106 ru
608 4057 699 4114 Verr.
717 4055 746 4112 ὅ.
761 4003 805 4127 oh.
829 4054 907 4116 Plut.
922 4004 998 4116 buu.
1015 4077 1040 4116 c.
1057 4077 1101 4117 aa.
1120 4060 1208 4119 Oros.
1225 4065 1255 4122 ὅ.
1267 4065 1329 4126 ιΒ.

670 4195 914 4218 ‹muna-n-
