2724 4706
171 387 175 404 Ι
221 359 225 364 ,
321 287 385 352 σω
426 231 1148 369 renisamsmrrmasmoauunn.
1161 265 1287 354 mm.
1348 271 1349 296 ¹

151 501 187 558 u.
203 499 308 573 asdor
357 495 527 596 'llGYllL
547 499 660 592 Upper
676 491 971 592 aniannlietello
980 491 1194 590 Pipmorano,
1208 513 1299 584 quun
1348 531 1349 570 ,

321 577 487 726 aab:
502 577 888 742 atta.
907 573 1243 718 Μ
1256 589 1300 738 t:

113 723 140 829 f,-
160 703 576 830 msspalus’firreidnn't
598 741 750 800 mandaret.
771 761 774 772 ·
792 700 908 802 Fieb’at
930 737 994 800 hoc
1014 735 1213 832 incaeteris
1226 697 1300 821 ’gra-

79 839 80 844 '
116 826 414 904 assummum,
444 844 540 908 quem
559 821 602 884 ita
620 820 750 886 fovebat
765 821 924 963 populus,
952 833 988 882 ut
1005 817 1087 881 nibil
1105 839 1171 880 non
1188 819 1229 881 ud
1248 821 1301 882 de·
1348 873 1349 880 ,

113 923 202 984 perat.
318 907 510 970 merendum
527 901 757 966 confecturus
774 903 805 965 ri
830 917 952 966 eretur.
992 905 1121 984 ltaque,
1144 901 1224 964 licet
1240 901 1301 963 dun

320 989 436 1052 summi
462 986 526 1048 viri
549 984 590 1080 Q
609 976 757 1060 Catulus,
785 986 825 1046 P.
848 982 1008 1048 Servilius
1023 981 1191 1044 Isauricus
1213 997 1303 1064 pete-

319 1085 414 1144 rent,
445 1071 561 1132 Caesar
583 1065 667 1129 nihil.
683 1067 817 1128 territus
837 1085 873 1128 ss
892 1059 1029 1127 ostendit
1045 1065 1301 1147 competitorem.

319 1153 365 1227 Et
382 1151 528 1222 Catulus,
551 1160 670 1232 quanto
687 1145 789 1228 major
805 1147 897 1210 annia
916 1167 953 1208 ac
970 1145 1223 1229 dignitatem,
1244 1149 1302 1208 im-

274 1229 276 1236 ‘
320 1233 457 1318 pensius
480 1231 597 1293 timens
617 1230 797 1312 repulsam,
816 1249 890 1316 ¹per
909 1241 1019 1291 certos
1037 1225 1187 1288 homines
1205 1227 1302 1312 egille

321 1335 396 1378 oum
412 1315 547 1376 Caesare
568 1309 751 1382 dicebatur,
774 1331 885 1396 magna
902 1307 1025 1372 eliense
1043 1306 1213 1380 mercede,
1234 1324 1271 1372 ut
1286 1333 1302 1371 a

261 1419 264 1428 ’
321 1395 483 1482 petitione
500 1391 678 1456 desilierat.
708 1392 766 1454 llle
785 1407 895 1456 contra
913 1391 1010 1475 longe
1025 1389 1181 1472 majorem
1196 1409 1233 1452 se
1244 1392 1302 1451 im·

321 1497 457 1564 pensam
483 1477 640 1537 iacturum
665 1473 700 1535 in
725 1475 855 1537 comitia
877 1471 1062 1536 declaravit.
1084 1475 1173 1535 'Nec
1191 1471 1302 1534 verbis

323 1557 429 1620 abluit
452 1555 551 1618 lidesr
582 1569 731 1638 tantaque
753 1554 926 1640 largitione
944 1552 991 1618 ‘eli
1008 1571 1105 1626 usus,
1133 1567 1169 1616 ut
1192 1555 1302 1624 matri,

324 1639 575 1702 descendentem
592 1637 632 1698 ad
648 1635 865 1703 comitiatum
880 1635 1022 1700 lacrimis
1040 1635 1216 1706 esculenti,
1235 1655 1303 1696 ma·

323 1719 525 1808 gnitudincm
553 1718 639 1780 aeris
659 1717 761 1780 'alieni
848 1715 987 1794 utendo,
1017 1715 1158 1780 dixeritt
1191 1716 1300 1789 Hodie,

323 1823 429 1875 enarer,
449 1821 497 1860 aar
513 1797 662 1884 pontificem
678 1737 906 1879 hdebisrfieiam,
927 1821 974 1862 aur
990 1797 1119 1881 exfialern.
1161 1797 1304 1883 Ideoque

325 1883 407 1945 duos
423 1897 486 1944 tam
527 1894 652 1944 etentes
668 1881 758 1942 viros
775 1883 820 1944 ita
838 1881 1019 1966 superarit,
1046 1893 1082 1942 ut
1094 1879 1188 1964 plura
1200 1880 1235 1940 in
1248 1899 1304 1941 eo-

323 1985 396 2028 rum
420 1906 569 2028 tribubus
597 1961 766 2048 suffragia,
801 1983 894 2050 quam
915 1977 1053 2048 uterque
1075 1961 1112 2024 in
1138 1961 1303 2036 omnibus,

280 2049 284 2054 ’
321 2047 448 2112 ferret.¹

384 2153 496 2216 xcix.
523 2151 601 2218 Piso
623 2151 722 2236 igitur
742 2165 775 2216 et
794 2153 938 2228 Catulus,
969 2149 1021 2214 bis
1044 2147 1194 2212 odiorum
1213 2169 1303 2211 eaus-

325 2236 371 2298 sis
398 2256 495 2318 quum
518 2233 687 2318 impellere
711 2235 876 2298 consulem
900 2233 1132 2333 nequivill'ent,
1165 2231 1304 2294 eircum-

323 2317 430 2378 eundu
451 2331 569 2387 tamen,
598 2330 632 2380 et
650 2317 738 2378 velut
757 2337 796 2378 ex
808 2317 978 2380 Volturcio
1000 2329 1053 2378 aut
1069 2311 1303 2395 Allobrogibus

323 2395 427 2460 audita
451 2395 653 2475 differendo,
676 2411 797 2458 tantum
820 2397 869 2460 illi
886 2397 1026 2468 invidiae
1045 2393 1247 2468 conflarunt,
1270 2407 1304 2454 ut
1348 2461 1349 2470 χ

323 2476 451 2562 equites
473 2479 609 2541 Ronrani
636 2477 765 2562 quidam
791 2499 831 2543 ex
855 2500 895 2544 eo
921 2500 1074 2552 numero,
1104 2477 1162 2564 qui
1183 2477 1305 2538 circum

323 2557 526 2623 Concordiae
543 2575 680 2644 armatus
695 2559 802 2636 flabat,
824 2575 982 2659 tamquam
995 2557 1076 2624 helii
1091 2557 1225 2645 publico,
1240 2559 1306 2640 gia·
1348 2629 1349 2640 χ

322 2639 386 2705 diis
410 2643 645 2704 minitarentur.
686 2641 733 2704 lbi
752 2643 850 2705 Curio
870 2641 990 2706 dieitur
1008 2663 1081 2711 eum
1100 2640 1214 2705 texill‘e
1232 2654 1306 2722 toga
1348 2663 1349 2670 ¹

302 2789 306 2804 ἃ
322 2745 396 2803 sua,
419 2737 452 2798 et
465 2725 592 2800 consul,
616 2723 815 2788 intuentibus
829 2723 862 2786 in
877 2745 951 2788 eum
965 2723 1142 2810 equitibus,
1163 2721 1305 2784 abnuille

321 2801 471 2868 caedem:
502 2801 571 2868 sive
594 2805 748 2870 credebat
767 2807 991 2880 innocentem,
1021 2807 1091 2868 sire
1112 2803 1170 2864 ille
1190 2819 1306 2888 poten·

319 2886 396 2948 tiam
414 2887 554 2950 hominis
571 2887 742 2959 metuebat,
763 2907 817 2960 ne,
840 2889 941 2951 caull'a
958 2887 1053 2970 hujus
1069 2901 1103 2949 et
1119 2899 1306 2948 ceterorum

320 2967 428 3040 mixta,
442 2969 551 3064 potius
565 2969 639 3031 illos
653 2967 695 3030 ob
705 2969 875 3033 Caesarem
889 2985 1035 3034 servaret
1044 2969 1197 3056 populus,
1213 2987 1306 3053 qnam

320 3063 391 3114 cum
409 3051 474 3114 illis
492 3049 628 3126 interire
643 3053 812 3116 Caesarem
850 3065 1001 3118 uteretur.
1031 3051 1183 3114 Territus
1201 3064 1306 3112 tamen

320 3131 449 3204 Caesar,
471 3154 511 3192 an
531 3146 565 3193 ut
581 3129 732 3192 invidiam
749 3151 811 3194 con
837 3147 907 3197 aret
920 3129 1073 3206 inimicis,
1095 3133 1129 3193 in
1143 3133 1307 3216 reliquum

319 3215 395 3274 unni
410 3228 536 3296 tempus
551 3213 641 3274 curia
654 3213 817 3277 abstinuit.
858 3217 946 3279 lnter
965 3213 1045 3278 baec
1063 3213 1176 3276 liberti
1198 3228 1232 3274 et
1251 3213 1307 3274 oli·
1348 3237 1349 3240 ¹

322 3309 413 3356 entes
437 3294 676 3376 conjuratorum
700 3295 835 3363 servitia
858 3311 892 3360 et
909 3297 1033 3360 faecem
1052 3293 1144 3377 vulgi
1163 3315 1306 3358 commo-

321 3375 456 3449 vebant,
480 3391 514 3438 ut
533 3375 565 3438 vi
581 3377 753 3438 Lentulum
772 3393 804 3439 et
822 3394 951 3442 eeteros
969 3379 1148 3474 eriperent.
1185 3375 1307 3474 Quare

322 3459 469 3540 cognita,
500 3457 632 3530 consul,
664 3459 753 3539 cujus
778 3457 977 3545 diligentiam
1005 3457 1086 3522 nibil
1108 3455 1306 3555 effugiebat,

321 3552 416 3602 noctu
431 3539 623 3635 Capitolium
636 3537 807 3626 forumque
821 3541 996 3626 praesidiis
1010 3555 1161 3624 occupat:
1185 3563 1196 3602 t
1223 3561 1260 3600 se
1276 3537 1308 3598 in

319 3619 416 3698 domo
435 3619 596 3699 eulusdam
614 3622 708 3684 amici
724 3623 905 3706 praesentia
921 3625 1077 3686 insomnis
1093 3641 1131 3684 ac
1144 3566 1307 3686 soliicitue

318 3703 424 3762 animo
448 3702 608 3768 volvebat.
631 3709 729 3780 ,Nam
748 3727 836 3766 auam
856 3705 983 3768 domum
1002 3706 1124 3768 intrare
1142 3705 1208 3768 reli
1233 3703 1308 3764 ‘one

317 3783 499 3846 vetabatur:
522 3783 609 3869 quod
626 3785 672 3846 ibi
689 3801 756 3848 tum
770 3789 923 3850 Terentia
941 3807 1023 3849 uxor
1039 3782 1112 3850 cum
1123 3725 1307 3850 venditus

319 3885 444 3954 sacrum
459 3869 570 3929 Bonae
582 3867 672 3930 Deae
687 3867 883 3937 celebrabat.
923 3869 1060 3934 Detecto
1081 3869 1307 3954 conjuratione

159 3411 291 3501 &nanis

141 3515 308 3572 sollicitudo·

350 4037 423 4112 Cap.
434 4038 565 4095 XCVlll.
585 4019 654 4098 nto.
673 4023 749 4096 Plut.
765 4041 854 4096 Caes.
873 4040 997 4098 Sueten.
1014 4040 1099 4096 caea.
1119 4057 1146 4094 c.
1161 4041 1203 4097 rs.
1222 4040 1303 4094 Plut.

318 4106 439 4162 Sueten.
475 4107 549 4180 Cap.
565 4108 662 4166 XCIX.
682 4111 793 4168 salma.
810 4109 888 4168 Plut.
905 4119 934 4164 et
949 4109 1067 4165 Sueten.
1086 4109 1163 4165 Plut.
1182 4109 1300 4166 Cicero.
1348 4107 1349 4160 1

263 4233 272 4244 ,
316 4173 1084 4276 sn0102.s·11ua.etmo.r1aacruentemur.
1348 4163 1349 4236 l
