2724 4706
249 269 294 334 m
312 215 465 335 iocus
484 270 565 334 um.
589 269 671 336 etv.
691 267 805 339 mvn.
869 235 875 260 '
966 263 1031 352 eo,

42 473 166 538 larium
187 448 366 540 P‘rocilluru
394 497 434 542 er
457 478 662 574 principibus
683 479 867 552 Gallorum,
901 499 1029 564 unaque
1057 477 1200 552 llo-⁶94·

42 560 92 618 M.
107 557 257 622 Mettium
274 557 392 636 mittit,
418 581 474 644 qur
492 560 636 646 bospitio
649 557 803 624 Ariovilli
820 583 898 624 usus
911 562 1029 626 luerat.
1058 549 1095 606 Ᾰ·
1106 551 1140 608 ⁰·
1153 557 1200 618 ⁶³·
1242 607 1247 626 .

42 658 105 700 eos
121 639 321 718 Germanus,
350 643 549 739 speculatum
566 641 681 706 venire
697 644 871 714 caull'atus,
892 643 926 706 in
943 659 1031 726 cate-

21 714 105 782 'nas
125 720 281 804 conjecit,
307 719 473 809 llatsmque
494 726 566 788 cum
587 726 733 788 exercitu
751 726 888 810 propius
905 727 1036 790 recellit

44 801 89 862 ad
110 805 300 866 Caesarems
328 825 421 880 mox,
448 807 636 890 praeteritis
658 807 728 888 ejus
750 803 880 881 castris,
905 807 946 870 ad
969 807 1036 870 duo

42 883 152 944 millia
169 883 309 970 palleum
330 887 411 948 ultra
432 888 597 960 consedit,
620 907 685 972 quo
702 901 911 954 contmeatum
932 888 1037 974 impe.

44 963 154 1040 diret,
177 966 234 1050 qui
251 965 290 1027 ab
307 967 429 1032 Aeduis
447 969 670 1054 Sequanisque
693 969 957 1054 supponebatur.

110 1071 260 1140 xxxtv.
282 1075 333 1134 Ex
349 1093 389 1136 eo
403 1073 457 1158 die
472 1075 544 1142 dies
557 1077 731 1140 continuos
746 1077 890 1162 quinque
906 1080 1037 1151 Crlesar,

44 1150 179 1216 eductis
202 1154 236 1216 iu
258 1155 360 1216 aciem
381 1157 507 1241 copiis,
540 1157 727 1242 potestatem
753 1159 916 1242 pugnandi
945 1159 1038 1232 lecit.

42 1231 242 1309 Ariovistus,
265 1235 405 1319 equellri
420 1239 546 1322 proelio
561 1255 732 1304 contentus
747 1259 956 1313 concurrere,
977 1261 1038 1326 pe-

42 1313 184 1376 ditatum
198 1318 281 1378 iutra
295 1315 392 1381 callra
407 1321 603 1382 continebar.
637 1323 687 1386 Eo
701 1341 824 1404 genere
838 1342 964 1405 pugnae
977 1341 1037 1406 po·

43 1397 155 1458 tiores
177 1413 267 1461 erant
290 1399 460 1476 Germani,
489 1423 586 1487 quum
612 1403 651 1466 ed
677 1422 734 1467 sex
756 1402 856 1464 millia
878 1401 1037 1475 baberent
1064 1399 1211 1460 σίνηαι·
1244 1429 1249 1450 ·

44 1479 213 1562 equitum,
243 1500 325 1566 quos
343 1481 419 1544 lecti
434 1483 603 1548 viroviro
617 1483 753 1546 totidem
767 1484 848 1544 mira
863 1484 1036 1546 velocitate
1049 1485 1108 1524 '’¹''
1121 1475 1243 1554 mm,
1320 1493 1325 1508 '

41 1557 179 1643 pedites
198 1561 447 1638 comitabantur,
478 1565 526 1628 sic
547 1565 701 1638 exerciti,
731 1578 782 1638 ut,
809 1565 939 1648 quoties
960 1550 1105 1630 alteim·

42 1642 309 1726 properandum,
332 1643 417 1724 jubis
438 1667 594 1733 equorum
615 1645 773 1710 sublevati
793 1665 921 1708 cursum
943 1647 1038 1710 adae·
1070 1719 1072 1722 ¹

44 1737 209 1806 quarent3
242 1724 283 1787 de
307 1740 418 1788 cetero
433 1727 654 1812 'pugnantibus
675 1727 839 1812 equitibus
857 1749 918 1811 pro
934 1729 1039 1791 muni-

43 1805 300 1880 mentorll'ent,
333 1807 373 1868 ad
393 1809 479 1892 quod
501 1829 536 1870 se
557 1811 764 1894 reciperent,
795 1822 849 1872 aut
867 1807 932 1894 ipsi
951 1809 1038 1874 ultro

41 1886 261 1950 subvenirent
288 1889 518 1952 laborantibus.
560 1892 662 1974 lgitur
686 1891 827 1966 Caesar,
855 1911 897 1954 ue
915 1889 1038 1954 diutius

41 1983 229 2030 commeatu
250 1969 545 2044 intercluderetur,
581 1973 714 2034 circiter
737 1969 841 2058 pallus
866 1987 1038 2036 sescentos

41 2049 198 2146 longius,
221 2071 313 2134 quam
334 2053 568 2114 Germanorum
591 2051 697 2115 llatira
719 2068 828 2126 erant,
853 2051 962 2116 callris
980 2054 1039 2116 de·

42 2131 133 2214 legit
145 2131 268 2206 locum,
292 2153 363 2194 eum
389 2155 446 2208 ue,
469 2133 582 2196 frustra
590 2135 842 2232 prohibentibus
854 2135 1037 2210 Germanis,

43 2213 281 2276 communirit=
310 2235 346 2277 ac
367 2155 448 2296 duas⁵
466 2213 512 2276 ibi
533 2217 680 2300 legiones
700 2233 773 2286 oum
790 2233 883 2302 parte
900 2215 1038 2280 auxilio-t
1104 2215 1107 2228 '

41 2315 126 2435 Eum
149 2294 300 2381 reliquit,
334 2295 472 2384 quatum
496 2297 638 2386 reliquas
660 2298 696 2360 in
720 2295 818 2361 eastra
840 2299 961 2384 majora
982 2315 1036 2362 re·

69 2389 155 2438 urit.
259 2383 263 2391 “

108 2483 243 2548 XXXV.
274 2483 472 2562 Ariovistus,
503 2509 600 2574 quum
621 2509 661 2554 ex
682 2507 774 2552 more
790 2485 937 2553 Caesaris
956 2505 1035 2572 pro·
1063 2489 1215 2560 Arlrrlfiur

38 2562 165 2627 ductae
193 2567 227 2629 in
253 2567 356 2644 aciem
383 2569 496 2654 copiae
525 2571 658 2634 circiter
684 2569 854 2634 meridiem
881 2571 916 2632 in
938 2561 1232 2632 castratorum-w·

37 2645 275 2724 revertill'ent‚
309 2664 433 2734 partem
456 2671 587 2713 suorum
606 2651 731 2716 minora
752 2651 849 2713 castra
868 2671 954 2736 oppu
978 2631 1232 2708 nomm·

37 2741 113 2790 tum
134 2729 233 2792 misit.
268 2731 401 2794 multum
419 2733 581 2816 utrimque
601 2734 766 2820 sangpinis
789 2731 907 2794 lusum.
951 2669 1035 2792 ger·
1085 2739 1089 2748 '

37 2811 132 2872 mani
155 2829 193 2872 rc
211 2811 331 2875 inlecta
354 2815 413 2876 sub
433 2833 582 2876 occasum
603 2817 683 2878 solis
703 2813 912 2877 recelleruut.
955 2811 1035 2874 Cae·

36 2914 109 2964 sar,
132 2893 279 2976 quaesite
296 2914 336 2956 ex
351 2895 491 2982 captivis
504 2896 618 2967 caull'a,
633 2909 876 2982 propterquam
891 2891 932 2954 de
948 2894 1035 2954 suui-

35 2995 93 3036 ma
115 2994 228 3035 rerum
249 2973 428 3039 Ariovistus
447 2977 629 3040 decernere
648 2977 797 3062 sugeret,
820 2995 889 3040 eam
907 2973 970 3036 olle
985 2973 1037 3033 in-

36 3055 193 3130 tellexit,
222 3057 309 3141 quod
330 3073 449 3120 matres
471 3059 626 3132 familiae,
658 3079 790 3143 quarum
811 3054 1037 3144 praedictione

34 3139 182 3200 multum
196 3139 349 3203 Germani
366 3139 548 3213 utebantur,
570 3154 726 3224 negarent
742 3139 791 3202 las
809 3139 873 3202 elle
891 3137 1036 3210 vincere,

37 3221 71 3284 si
103 3237 222 3282 novam
246 3235 320 3283 unte
347 3221 453 3282 lunam
478 3222 548 3294 acie
568 3221 791 3286 decertall'ent.
834 3223 911 3282 Erat
928 3215 980 3280 his
999 3235 1037 3278 ea

35 3301 222 3386 disciplina
241 3303 426 3376 divinandi,
448 3317 483 3366 ut
499 3323 539 3366 ex
554 3301 725 3367 lluviorum
743 3301 922 3365 vorticibus
936 3301 1037 3370 unda·

34 3403 185 3468 rumque
206 3385 315 3448 sonitu
333 3383 442 3447 futura
463 3405 499 3448 se
518 3387 710 3470 prospicere
729 3383 975 3472 arbitrarentur.

104 3489 257 3554 XXXVI.
285 3493 336 3556 Eo
358 3491 461 3576 magis
484 3491 601 3558 Caesar
626 3491 776 3556 incitatus
797 3489 859 3566 att,
887 3503 1037 3574 utquam
1064 3493 1199 3582 Praelegat

30 3573 235 3636 maturrime
250 3573 482 3648 contenderet,
512 3595 570 3636 suo
587 3575 735 3658 tempore
749 3594 885 3643 usurus.
916 3571 944 3632 si
965 3569 1037 3654 qui·-
1046 3577 1228 3621 mltum·

32 3657 118 3718 dem
141 3673 221 3716 vera
242 3655 397 3718 mulieres
420 3654 586 3734 dicerem
614 3669 666 3718 aut
691 3656 804 3718 saltem
827 3653 955 3718 facilius
981 3649 1038 3712 de·
1068 3697 1070 3703 s
1127 3653 1132 3666 “

30 3738 225 3801 bellaturus
245 3737 287 3798 im
313 3729 435 3801 editum
454 3739 615 3824 religione
632 3734 771 3812 hostem,
793 3735 882 3800 etde
901 3731 1041 3798 victoria

31 3821 100 3883 des
128 3819 273 3900 erareju
300 3841 363 3881 um.
407 3821 525 3906 Igitur,
549 3821 618 3882 acie
633 3817 794 3894 instructa,
818 3838 914 3904 qurum
931 3815 1039 3890 adca-

30 3903 101 3967 llra
140 3899 254 3964 ollium
266 3901 468 3977 succederet,
481 3903 599 3966 irritati
612 3899 788 3986 ignominia
797 3898 950 3964 Germani
961 3915 1048 3988 pro·⁸

71 4094 154 4218 Cep.
168 4091 287 4148 XXXV.
306 4091 376 4146 Dio.
395 4089 480 4145 Caes.
498 4071 678 4172 Frontiug's,
697 4053 779 4148 r.16.
806 4087 941 4144 Clemens
956 4067 1040 4136 Stre-¹

10 4235 11 4238 Ἴ
24 4173 110 4220 ruat.
136 4199 145 4219 .
158 4178 184 4251 1.
199 4159 278 4220 l'lot.
299 4157 762 4241 Cap.XXXV1.¹Froutm.Plut.
774 4149 1039 4245 Caap.Plut.Gers.
