2734 4688
222 329 231 344 '
310 326 353 390 lbl
374 324 521 390 Locust
545 329 625 392 oto.
646 325 710 390 Cll.
731 323 844 396 ervit.
1005 327 1067 409 487

82 532 207 596 Pisone
227 532 298 616 spei
314 531 450 594 Catilina
465 537 636 615 posuerat,
664 533 720 616 qui
739 547 824 606 tum,
853 535 993 603 nondum
1012 560 1067 600 au·
1095 541 1174 598 ura.
1188 542 1252 604 om.

83 614 155 676 dito
175 613 244 696 ejus
261 613 353 686 msc,
377 608 565 698 Hispaniam
585 615 773 680 citeriorem
789 617 937 684 obtinere
954 619 1069 685 oracla.
1097 607 1132 671 A.
1146 613 1183 674 t}-
1201 615 1246 679 ⁶4·

84 695 197 758 betur:
228 696 307 758 item
330 715 371 756 ue
394 693 433 757 P.
449 695 532 758 Sitia
550 697 724 758 Nucerino.
766 701 846 763 Nam
864 701 914 774 is,
938 701 1069 785 publico
1099 704 1130 759 P.
1144 705 1211 758 Stati

85 777 210 858 judicio
277 717 426 850 bullatus,
457 775 582 840 adscito
606 777 638 840 iu
656 778 778 866 itinere
797 773 1206 865 pamma·quoviss·r¹m·

86 874 119 922 et
141 860 207 924 lavi
234 877 299 920 amo
318 857 429 920 eadem
450 858 677 938 metuentium,
708 860 781 924 aliis
806 883 864 936 ue,
895 882 979 946 quos
1000 861 1073 928 iura

88 937 264 1014 offerebat,
294 960 356 1024 per
376 940 496 1000 ltaliam
517 959 554 1001 ac
570 940 791 1024 Hispaniama
831 943 949 1006 laetum
967 956 1075 1009 trans.

89 1022 232 1104 guelfus,
254 1024 288 1082 in
303 1021 447 1082 Africam
466 1021 582 1084 ductor
600 1023 761 1086 exercitus
780 1026 831 1086 aui
845 1025 1073 1105 transjecerat:

90 1103 220 1188 ibique,
243 1101 367 1185 regulis
391 1103 479 1165 inter
504 1123 540 1164 sa
562 1103 757 1166 bellantibus
781 1105 897 1168 unsilia
913 1106 1081 1182 ferendo,

90 1205 200 1268 quum,
221 1185 339 1268 quibus
348 1183 405 1246 ille
414 1183 598 1257 accellill'e't,
621 1185 810 1269 superiores
826 1185 956 1262 fierent,
975 1189 1014 1250 ad
1028 1189 1078 1262 isa

87 1285 171 1347 mam
191 1266 284 1328 brevi
305 1281 509 1350 pervenerat.
553 1267 618 1330 Sed
635 1267 771 1330 mamma
792 1270 941 1352 sperabat
957 1291 1076 1334 consu·

85 1347 155 1410 lem
171 1367 222 1420 se,
245 1349 419 1431 collegac.
431 1347 590 1422 Antonio,
610 1349 700 1412 iores
726 1369 802 1423 ram,
823 1350 908 1412 nullis
922 1351 995 1412 dumi
1008 1369 1082 1434 pra·-

87 1429 153 1514 uifi's
170 1429 280 1511 opibus,
303 1432 431 1510 lasapejo
450 1429 550 1490 bellum
566 1435 596 1490 ia
613 1431 716 1490 ultimis
728 1451 841 1514 gereres
857 1437 959 1503 serris,
980 1439 1009 1494 iss
1025 1435 1075 1494 de-

81 1513 213 1591 stituram
231 1509 418 1590 rempublicam
434 1515 562 1592 inspersus
580 1509 720 1588 reatiffim
733 1509 798 1591 fieri
815 1511 894 1594 prise.
927 1515 1016 1578 llaec
1033 1516 1077 1576 ita

74 1594 218 1656 occulta
233 1591 342 1677 parari
357 1613 423 1654 non
441 1606 609 1690 poterant,
634 1593 711 1676 quin
733 1613 769 1657 se
787 1594 996 1678 quibusdam,
1016 1595 1084 1660 aad·

87 1673 355 1747 obscurioribus,
386 1673 517 1738 induciis
542 1673 730 1760 proderent.
772 1695 867 1740 caeca
895 1689 999 1740 tamen
1022 1691 1081 1740 ras
1197 1720 1198 1728 κ

90 1771 180 1830 eret,
209 1755 315 1820 donec
335 1775 396 1840 per
412 1757 557 1818 Fulviam
577 1754 623 1818 alt
641 1757 816 1840 patefacta,
842 1758 987 1820 nobilem
1009 1779 1082 1824 ntu-
1261 1777 1264 1784 ·

89 1841 225 1912 liuram,
256 1855 337 1924 qaae
357 1856 397 1898 ex
415 1851 557 1900 amatore
575 1859 636 1900 suo
655 1837 697 1922 Q.
714 1841 831 1912 Curio,
862 1839 1010 1924 perditae
1030 1843 1084 1902 lna
1131 1897 1152 1917 „
1252 1851 1255 1858 “

88 1921 203 1982 suriam
216 1919 343 2000 juvene,
362 1932 560 2003 compertam
573 1921 672 1984 tacito
686 1923 830 1986 auctoris
846 1921 978 1985 nomiae
993 1943 1082 1986 com·
1121 1989 1125 2000 ,
1247 1971 1252 1982 .

88 2003 242 2087 pluribus
262 2001 435 2064 enarravit.

152 2107 328 2174 xxxviii.
351 2107 388 2169 ld
407 2107 600 2193 potillimum
622 2109 743 2172 ceussae
763 2107 999 2184 luit'comitiis,
1022 2120 1082 2172 out
1108 2125 1198 2180 etan.
1206 2125 1250 2182 1,.

90 2209 254 2254 oonseusu
269 2189 429 2262 omnium,
451 2209 556 2286 nequa
578 2209 640 2279 per
658 2191 828 2271 tabellam„
851 2193 908 2255 aad
923 2210 984 2253 una
998 2209 1079 2253 voca
1088 2189 1275 2268 figsasascaai

89 2271 218 2359 po'puli,
240 2271 368 2333 Tullius
385 2285 631 2334 remuneraretur
646 2274 757 2358 prior:
778 2275 809 2335 ei
829 2263 954 2360 collega
966 2273 1001 2335 C.
1014 2273 1080 2334 An·
1092 2260 1154 2352 'Pl-⁸

90 2356 203 2440 tonius
228 2352 374 2426 additur,
406 2373 503 2438 quum
532 2354 572 2415 ob
600 2355 703 2438 patris
731 2357 936 2429 memoriam,
971 2355 1082 2440 paullo
1108 2390 1190 2426 ,,,,,.
1223 2387 1278 2415 ψ

90 2435 297 2520 speciosiuro
316 2453 408 2496 manu
427 2433 638 2530 suffragante,
661 2437 807 2522 pauculis
823 2435 982 2500 centuriis
998 2436 1091 2498 Cati-'

91 2517 196 2580 linem
220 2518 407 2600 superaffet.
459 2518 644 2598 ConJurati,
680 2519 759 2580 licet
779 2517 841 2580 lroc
864 2531 983 2580 eventu
1007 2537 1086 2602 per·

91 2600 196 2671 uulsi,
215 2612 323 2660 tamen
339 2617 570 2680 amparare,
592 2601 900 2683 pecuniascogere,
924 2599 1034 2683 plures
1050 2599 1091 2660 itt

93 2681 284 2745 societatem
307 2679 438 2742 consilii
463 2677 626 2742 adducere
648 2701 714 2742 non
740 2681 942 2749 omittebant.
973 2691 1086 2756 costra

91 2763 224 2842 Cicero,
247 2783 365 2846 gnarus
381 2755 468 2845 quod
482 2781 523 2824 aa
548 2759 648 2824 otium
662 2762 860 2846 suscepillet,
884 2779 996 2822 omues
1009 2779 1089 2826 ner-s

94 2867 156 2908 sos
173 2841 376 2918 intenderat,
402 2861 445 2906 ne
464 2780 546 2925 quid
559 2839 598 2903 ad
614 2863 769 2906 summam
784 2844 1000 2926 diligentiam,
1027 2861 1089 2912 ex·‚

92 2926 330 3008 actill'unasqua
349 2945 411 3007 pro
429 2923 596 3007 republica
613 2923 761 3007 uigilias,
783 2925 905 3009 reliqui
922 2923 1056 2986 iaceret.

157 3031 303 3093 xxnx.
330 3031 394 3094 llio
418 3032 515 3094 etiam
535 3051 636 3092 annus
658 3050 814 3093 censores
835 3029 963 3102 habuit,
998 3027 1088 3112 quod

118 3113 256 3178 resimis
279 3113 470 3176 censoribus
492 3113 578 3174 nulla
599 3134 676 3198 pars
697 3111 810 3197 populi
832 3127 951 3183 censa,
979 3127 1092 3193 neque

94 3136 234 3258 lustrum
250 3194 413 3258 conditum
436 3207 516 3256 erat.
561 3193 626 3256 Sed
649 3193 765 3255 horum
787 3195 883 3256 etiam
905 3191 986 3254 adeo
1008 3211 1091 3274 ope-

95 3297 135 3340 ra
152 3277 239 3339 nulla
258 3274 393 3350 esllant,
415 3287 450 3337 ut
469 3275 598 3336 nomina
612 3273 668 3335 vix
684 3289 848 3337 eruantur.
875 3275 987 3336 Utrum
1000 3273 1090 3335 anias

95 3357 139 3439 Q.
155 3359 328 3431 Metellus,
356 3377 396 3418 an
415 3360 453 3418 P.
468 3359 629 3420 Isauricus
647 3355 813 3417 censuram
828 3370 895 3417 tum
913 3355 1087 3437 galles-int,

95 3439 286 3522 ambigitur.
308 3439 419 3501 eadem
439 3439 481 3500 de
496 3441 534 3499 Ι..
548 3439 643 3500 Cotta
659 3436 817 3500 dubitatio
834 3436 932 3508 tores,
952 3437 1018 3497 nisi
1033 3435 1087 3497 Ci-

96 3521 231 3586 ceronio
248 3522 322 3602 joco
338 3521 448 3582 fuiffet
463 3533 603 3583 notatus.
645 3521 724 3581 Nam
742 3519 788 3590 is,
813 3537 909 3661 paura
926 3517 1014 3577 inter
1029 3535 1091 3612 paq

42 3639 47 3648 ·
92 3603 249 3666 titionem
269 3603 450 3664 consulatus
469 3621 628 3686 prensans
650 3599 692 3661 de
710 3619 802 3662 more
845 3599 984 3670 omines,
1016 3598 1109 3659 suti··

96 3705 163 3772 que
182 3699 374 3770 correptus,
403 3681 684 3761 oirmrmssantibus
700 3696 733 3744 et
753 3679 938 3764 tegentibus
957 3677 1092 3754 amieis,
1150 3694 1152 3699 ’
1248 3685 1254 3696 “

94 3767 231 3830 biberet
246 3766 280 3828 in
295 3766 381 3838 soso,
403 3764 459 3827 ubi
477 3767 515 3826 1..
531 3767 624 3828 Cotta
639 3765 756 3828 caulos·
770 3760 976 3842 consederam
999 3760 1088 3840 Jare,

98 3847 226 3934 inquit,
256 3847 393 3908 timebatis
403 3864 417 3920 ,¹
441 3868 473 3908 ste
486 3845 653 3930 succenseret
677 3847 742 3906 mibi
765 3843 871 3928 enasor,
900 3843 973 3926 qaod
992 3862 1088 3926 quara

129 4007 206 4081 Gap.
224 4003 373 4087 xxxvtt.
394 4001 523 4128 lppian.
550 4005 637 4064 civil.
654 4005 676 4068 l,
692 4009 718 4066 d.
734 4021 765 4076 p.
780 4003 841 4058 oso.
865 3999 978 4056 Sallust.
1002 3997 1086 4053 Flor.

97 4075 214 4134 elaea
240 4075 321 4200 Qian.
341 4074 429 4130 Gsvsl.
457 4091 502 4157 .a.
525 4073 737 4158 §ailuliFlom
772 4063 1087 4155 Gap.thxvn1.Ap·

228 4143 321 4200 alut.
346 4143 424 4198 l‘lut.
451 4145 513 4212 010,-
533 4145 654 4200 snlinll.
675 4159 701 4210 a,
720 4161 744 4199 a.
764 4149 793 4196 et
810 4157 838 4194 su
854 4141 911 4192 Pas.
928 4154 951 4190 s.
977 4138 1085 4192 Aaron.

98 4163 209 4274 gdllllst
248 4213 324 4286 Cap·
338 4211 465 4271 xxxttt.
485 4213 553 4270 Dio.
573 4211 657 4287 riga.
673 4211 751 4270 Anu.
767 4209 850 4274 Plus.
868 4207 964 4268 Cicer.

1284 407 1296 452 l
