2724 4706
40 305 247 376 nnuman.
257 304 404 370 SUPPL.
414 297 569 366 ccxix.
583 295 734 370 tuboe.
744 303 868 373 [cclv.
877 301 963 374 mv.
978 305 1045 388 579

49 429 1031 466 *Qu-...m

45 527 135 578 runt.
178 513 230 576 illi
257 510 499 598 querebantur,
526 511 697 589 Harudes,
729 531 837 600 nuper
854 514 890 576 in
908 514 1044 580 Gelliam
1076 515 1233 590 undolf

47 607 306 682 transportatus,
330 592 413 658 lines
437 613 515 658 suot
537 597 708 694 populerit
740 595 893 672 Treviri,
917 611 1045 661 centnm
1074 585 1213 656 acon

46 699 153 824 pagos
171 679 355 740 Sueverum
374 676 414 739 ad
430 675 537 740 libeni
559 697 664 762 mpam
683 677 883 754 consedill'e,
912 681 1046 744 nuncia·

72 774 146 836 ant,
176 757 241 823 boc
258 759 388 834 animo,
416 769 451 822 nt
469 778 595 822 amnem
611 761 800 824 transirent.
838 763 943 845 Igitur
965 764 1046 826 Cae·

47 865 119 918 sar,
143 842 276 904 minime
295 839 513 904 diilerendum
529 853 631 918 ratus,
653 841 693 904 ad
707 839 915 917 Ariovistum,
934 844 1046 939 prins-
1092 849 1094 854 '
1192 917 1194 930 Ι
1258 881 1260 888 -

44 945 144 1012 quam
167 944 270 990 norae
296 923 410 1006 copiae
434 943 505 986 cnm
529 923 697 999 veteribus
718 923 788 986 e'us
810 944 847 986 se
867 944 1046 1010 conjunge·
1080 935 1085 942 '

43 1021 141 1082 rent,
163 1006 287 1091 magnis
305 1004 479 1068 itineribus
497 1005 712 1084 contendens,
734 945 970 1074 letantionem
986 1011 1046 1071 Se·

71 1109 242 1162 uenarum,
264 1107 306 1153 ne
324 1086 363 1150 ab
381 1085 471 1152 holle
487 1100 713 1172 occuparetur,
736 1088 914 1174 praecepit.
954 1089 1047 1185 Quas

45 1113 171 1236 deinde
190 1167 274 1256 geste
297 1181 389 1244 aunt,
413 1171 565 1254 quoniam
581 1171 759 1234 multorum
774 1169 967 1250 Germanipe
985 1191 1045 1256 po.

43 1253 203 1342 pulcrum
225 1251 425 1316 mentionem
452 1251 642 1328 continent,
673 1251 844 1316 obscurant
866 1250 1045 1316 molestam·
1113 1251 1117 1269 '

43 1356 112 1420 qne
141 1334 280 1398 suturam
305 1333 509 1419 legentibus,
541 1331 606 1396 nisi
633 1327 801 1400 commoda
825 1353 866 1396 ex
889 1333 1043 1398 licutione
1126 1363 1131 1368 ·

43 1414 267 1496 illustrentur,
289 1415 383 1480 locus
402 1415 453 1478 hic
472 1415 648 1494 desiderat,
670 1415 839 1496 utJetaris
882 1415 1042 1478 armoniae
1065 1431 1243 1502 munuca,

46 1501 150 1564 situm
166 1518 341 1584 moresque
359 1517 567 1582 exponamus.
1054 1502 1235 1558 mutuare-s

112 1621 170 1688 rr.
191 1625 204 1684 ι
228 1604 564 1686 latrocinantum
578 1587 1225 1698 occinentemacsrrttmae.“,'{;5?l'.;.
1322 1672 1328 1691 ,

44 1703 213 1789 tisquell
240 1725 340 1780 enus,
376 1703 416 1766 ad
441 1705 602 1770 orientem
629 1727 648 1768 a
671 1705 851 1768 Pannoniis
874 1705 1172 1768 Danubiuaersstse.

45 1786 219 1850 certiilimi
258 1786 379 1849 limites
419 1785 630 1886 separabantt
671 1786 929 1872 septentrionale
961 1788 1044 1849 latus

44 1881 187 1932 roccam
215 1866 292 1931 inde
323 1869 536 1932 Germanicus
558 1888 706 1950 ,oceanus
734 1869 853 1932 ambita
895 1891 913 1932 a
945 1869 1047 1952 meri·

44 1949 105 2012 die
120 1963 249 2014 montes
264 1949 432 2024 claudunt,
464 1951 506 2012 Al
529 1952 603 2014 ibus
626 1951 670 2014 its
691 1971 753 2036 pro
779 1949 888 2036 inqui,
918 1961 954 2012 ut
969 1967 1046 2036 pars
1172 2000 1193 2022 „

45 2053 164 2094 earum
186 2033 377 2108 rideantur,
407 1975 695 2120 appellentnrques
725 1974 914 2096 obarmatis
929 2051 1047 2097 versus

43 2116 157 2176 solem
175 2115 335 2178 orientem
349 2115 515 2190 montium,
538 2113 595 2201 qui
636 2115 748 2201 roprie
764 2112 934 2179 Sarmatici
949 2133 1048 2178 voca·

44 2196 190 2272 bantur,
214 2196 390 2280 asperitate
412 2211 445 2262 et
463 2217 556 2260 amne
570 2139 695 2264 Vibuls
714 2195 938 2260 dirimebatur.
979 2197 1047 2260 Eo·

46 2277 127 2340 dem
152 2279 338 2370 pertinebat
359 2293 393 2342 et
412 2275 575 2362 Hercynia
596 2277 713 2356 silva„
728 2299 810 2364 quae
837 2291 904 2342 tum
927 2295 1048 2341 noveru

44 2361 182 2422 dierum
201 2359 266 2424 iter
281 2357 418 2424 babebat
438 2359 473 2422 in
489 2357 680 2436 latitudine,
704 2373 737 2424 et
751 2361 790 2424 ab
806 2359 1048 2434 Helvetiorum,

44 2457 82 2505 et
101 2446 293 2514 Nemetum,
323 2456 356 2504 et
375 2445 594 2505 Rauracorum
617 2439 753 2516 linibus,
787 2439 964 2506 secundum
986 2437 1050 2503 ilu-

43 2544 128 2585 men
151 2523 353 2598 Danubium,
376 2523 416 2586 ad
441 2523 522 2586 lines
539 2525 703 2586 Dacorum
718 2524 953 2610 Anartiumque
971 2541 1048 2606 per·
1106 2555 1111 2563 ,

43 2605 197 2667 sinebat:
230 2605 350 2668 deinde
375 2603 595 2670 sinistrorsum
620 2603 703 2670 flexa
727 2607 845 2667 multoc
871 2603 1050 2687 attingebat

42 2700 192 2772 propter
216 2685 469 2770 magnitudinem
493 2687 652 2774 populos,
685 2687 770 2750 ultra
792 2689 957 2770 sexaginta
976 2684 1049 2748 die·

46 2789 127 2832 rum
145 2769 212 2832 iter
226 2783 391 2854 porrecta.

119 2876 163 2944 V.
185 2875 258 2937 Hoc
275 2873 380 2958 spatio
399 2873 518 2938 multoe
535 2883 604 2938 tam
620 2885 735 2958 gentes
754 2871 903 2950 coluere,
926 2868 1050 2937 reteri·
1144 2921 1151 2950 ,

44 2957 116 3022 bns
134 2977 203 3020 non
221 2956 299 3020 satis
318 2957 487 3040 cognitae,
517 2953 606 3042 quod
624 2966 759 3041 asperae
776 2955 873 3018 bellis
884 2997 904 3030 „
916 2953 952 3018 in
992 2973 1050 3018 ace

45 3039 328 3122 commerciorum
346 3039 575 3123 negligentes,
605 3037 645 3100 ab
666 3037 738 3102 aliis
756 3037 887 3123 pepulit
900 2977 989 3099 baud
1000 3035 1051 3098 ia·

46 3123 120 3187 cile
148 3120 331 3184 adibantur.
373 3119 471 3216 Quod
495 3133 601 3184 tamen
625 3119 715 3188 inter
736 3121 886 3203 antiquos
910 3115 1050 3192 constat,

44 3205 187 3269 initium
208 3201 421 3276 Germaniae,
454 3222 516 3289 qua
538 3203 697 3268 Sarrastes
727 3201 923 3285 attingebat,
956 3219 1078 3282 mons,

46 3291 146 3352 Sero
160 3285 242 3370 init,
265 3284 370 3347 sinum
387 3281 570 3358 Codanum,
592 3283 627 3346 id
645 3279 688 3346 eii
705 3282 847 3347 Cdanum
866 3283 936 3346 sive
949 3282 1051 3344 Dani·

43 3389 146 3444 cnm,
168 3366 335 3442 eiliciana,
358 3365 475 3429 insulis
490 3365 661 3430 refertum.
691 3365 834 3456 Quarum
849 3353 1050 3430 clariffimam
1125 3401 1133 3410 .

44 3447 266 3515 nominabant
286 3446 548 3524 scandinaviam,
570 3445 634 3512 tria
649 3445 794 3511 borealia
812 3465 912 3532 regna
929 3443 1049 3544 ample·
1076 3459 1231 3526 samem.

44 3545 211 3607 ctentem,
233 3531 375 3618 ideoque
391 3529 559 3598 veteribus
574 3527 795 3614 incompertae
807 3525 1049 3614 magnitudinis,
1061 3534 1119 3590 sta.
1200 3550 1206 3564 ·

43 3617 143 3681 laiso
159 3627 264 3678 tamen
281 3612 418 3676 insulam
435 3611 610 3676 crediturne
631 3611 723 3693 cnjus
743 3623 868 3696 partem
882 3608 1052 3673 Hellevio·

44 3717 137 3763 num
156 3707 257 3784 gens,
289 3695 337 3759 sic
357 3695 487 3782 rupium
507 3693 632 3758 incolae
651 3691 806 3778 indigena
828 3711 937 3755 sermo
955 3704 1052 3754 roca·

42 3781 130 3856 bat,
161 3778 350 3864 quingentis
376 3775 490 3866 pagis,
521 3775 688 3840 scribente
712 3775 842 3850 Plinio,
859 3771 1052 3838 'obtinebat

44 3865 107 3929 Ab
132 3859 251 3932 eodem
275 3872 409 3924 rumore
428 3861 666 3923 Germanorum
690 3871 812 3942 genera
835 3857 979 3942 quinque
1003 3855 1054 3917 sic
1117 3927 1130 3940 ‚

44 3954 246 4032 ponuntur,
276 3955 312 4007 ut
335 3939 464 4005 excludi
484 3935 718 4006 scandinaviao
743 3951 858 4024 gentes
884 3947 1053 4024 apparente
1187 3943 1190 3950 “

44 4031 201 4114 primum
216 4026 343 4090 Wsrdilos
359 4035 465 4102 vocat,
486 4041 601 4106 qaorum
611 4041 680 4106 pars
692 4023 915 4106 Burgundioni,
942 4021 1052 4092 Varini,
1189 4075 1192 4080 .

84 4207 418 4294 Gap.111.bir.Epit.
453 4195 841 4356 cap.·1v.rac.‚dar3.p
994 4255 1004 4268 .

854 4303 876 4356 2
