<?xml version="1.0" encoding="UTF-8"?>
<!DOCTYPE html PUBLIC "-//W3C//DTD XHTML 1.0 Transitional//EN"
    "http://www.w3.org/TR/xhtml1/DTD/xhtml1-transitional.dtd">
<html xmlns="http://www.w3.org/1999/xhtml" xml:lang="en" lang="en">
 <head>
  <title>
</title>
<meta http-equiv="Content-Type" content="text/html;charset=utf-8" />
  <meta name='ocr-system' content='tesseract 3.04.00' />
  <meta name='ocr-capabilities' content='ocr_page ocr_carea ocr_par ocr_line ocrx_word'/>
</head>
<body>
  <div class='ocr_page' id='page_1' title='image "./tliviipatavinih04drakgoog_0650.png"; bbox 0 0 2702 4694; ppageno 0'>
   <div class='ocr_carea' id='block_1_1' title="bbox 293 181 1072 366">
    <p class='ocr_par' dir='ltr' id='par_1_1' title="bbox 293 181 1072 366">
     <span class='ocr_line' id='line_1_1' title="bbox 293 181 1072 366; baseline 0.005 -34"><span class='ocrx_word' id='word_1_1' title='bbox 293 263 340 332; x_wconf 86' lang='lat' dir='ltr'><strong>m</strong></span> <span class='ocrx_word' id='word_1_2' title='bbox 359 261 511 366; x_wconf 76' lang='lat' dir='ltr'><strong>noenu</strong></span> <span class='ocrx_word' id='word_1_3' title='bbox 533 181 614 334; x_wconf 73' lang='lat' dir='ltr'><strong>nb.</strong></span> <span class='ocrx_word' id='word_1_4' title='bbox 633 265 716 340; x_wconf 79' lang='lat' dir='ltr'><strong>cm.</strong></span> <span class='ocrx_word' id='word_1_5' title='bbox 738 267 853 338; x_wconf 81' lang='lat' dir='ltr'><strong>arun.</strong></span> <span class='ocrx_word' id='word_1_6' title='bbox 1010 251 1072 336; x_wconf 74' lang='lat' dir='ltr'><strong>eea</strong></span> 
     </span>
    </p>
   </div>
   <div class='ocr_carea' id='block_1_2' title="bbox 69 395 1296 976">
    <p class='ocr_par' dir='ltr' id='par_1_2' title="bbox 73 395 1061 428">
     <span class='ocr_line' id='line_1_2' title="bbox 73 395 1061 428; baseline 0.007 -8"><span class='ocrx_word' id='word_1_7' title='bbox 73 395 1061 428; x_wconf 53' lang='grc' dir='ltr'><strong>Μ--ψ-</strong></span> 
     </span>
    </p>

    <p class='ocr_par' dir='ltr' id='par_1_3' title="bbox 69 469 1296 976">
     <span class='ocr_line' id='line_1_3' title="bbox 69 469 1255 567; baseline 0.006 -29"><span class='ocrx_word' id='word_1_8' title='bbox 69 469 126 538; x_wconf 76' lang='lat' dir='ltr'><strong>lus</strong></span> <span class='ocrx_word' id='word_1_9' title='bbox 145 476 262 552; x_wconf 73' lang='lat' dir='ltr'><strong>darm,</strong></span> <span class='ocrx_word' id='word_1_10' title='bbox 282 471 411 560; x_wconf 76' lang='lat' dir='ltr'><strong>sseffmt</strong></span> <span class='ocrx_word' id='word_1_11' title='bbox 426 477 479 562; x_wconf 79' lang='lat' dir='ltr'><strong>ipfi</strong></span> <span class='ocrx_word' id='word_1_12' title='bbox 493 479 612 562; x_wconf 72' lang='lat' dir='ltr'><strong>mrsules</strong></span> <span class='ocrx_word' id='word_1_13' title='bbox 620 479 704 563; x_wconf 81' lang='lat' dir='ltr'><strong>fecti.</strong></span> <span class='ocrx_word' id='word_1_14' title='bbox 746 481 913 546; x_wconf 86' lang='lat' dir='ltr'><strong>Dederant</strong></span> <span class='ocrx_word' id='word_1_15' title='bbox 934 501 1066 567; x_wconf 86' lang='lat' dir='ltr'><strong>operam</strong></span> <span class='ocrx_word' id='word_1_16' title='bbox 1095 477 1132 536; x_wconf 79' lang='lat' dir='ltr'><strong>U·</strong></span> <span class='ocrx_word' id='word_1_17' title='bbox 1150 497 1178 534; x_wconf 74' lang='lat' dir='ltr'><strong>c·</strong></span> <span class='ocrx_word' id='word_1_18' title='bbox 1191 479 1255 564; x_wconf 65' lang='lat'><strong>⁶99·</strong></span> 
     </span>
     <span class='ocr_line' id='line_1_4' title="bbox 70 549 1296 658; baseline 0.007 -38"><span class='ocrx_word' id='word_1_19' title='bbox 70 559 247 639; x_wconf 76' lang='lat' dir='ltr'><strong>consulet,</strong></span> <span class='ocrx_word' id='word_1_20' title='bbox 276 561 312 621; x_wconf 86' lang='lat' dir='ltr'><strong>ul</strong></span> <span class='ocrx_word' id='word_1_21' title='bbox 330 563 565 658; x_wconf 81' lang='lat' dir='ltr'><strong>qtramprimum</strong></span> <span class='ocrx_word' id='word_1_22' title='bbox 581 562 712 626; x_wconf 89' lang='lat' dir='ltr'><strong>comitia</strong></span> <span class='ocrx_word' id='word_1_23' title='bbox 729 561 845 627; x_wconf 87' lang='lat' dir='ltr'><strong>baberi</strong></span> <span class='ocrx_word' id='word_1_24' title='bbox 861 579 992 627; x_wconf 75' lang='lat' dir='ltr'><strong>tenatur</strong></span> <span class='ocrx_word' id='word_1_25' title='bbox 1009 564 1066 626; x_wconf 90' lang='lat' dir='ltr'><strong>de·</strong></span> <span class='ocrx_word' id='word_1_26' title='bbox 1096 549 1131 605; x_wconf 58' lang='grc' dir='ltr'><strong>Δ·</strong></span> <span class='ocrx_word' id='word_1_27' title='bbox 1151 551 1184 606; x_wconf 74' lang='lat'><strong>⁰·</strong></span> <span class='ocrx_word' id='word_1_28' title='bbox 1202 551 1249 606; x_wconf 72' lang='lat'><strong>⁶³·</strong></span> <span class='ocrx_word' id='word_1_29' title='bbox 1293 597 1296 605; x_wconf 90' lang='lat'>·</span> 
     </span>
     <span class='ocr_line' id='line_1_5' title="bbox 69 642 1066 733; baseline 0.007 -31"><span class='ocrx_word' id='word_1_30' title='bbox 69 653 238 702; x_wconf 71' lang='lat' dir='ltr'><strong>cerneret,</strong></span> <span class='ocrx_word' id='word_1_31' title='bbox 270 642 338 704; x_wconf 76' lang='lat' dir='ltr'><strong>aad</strong></span> <span class='ocrx_word' id='word_1_32' title='bbox 352 643 557 706; x_wconf 76' lang='lat' dir='ltr'><strong>comitiorum</strong></span> <span class='ocrx_word' id='word_1_33' title='bbox 572 646 622 707; x_wconf 83' lang='lat' dir='ltr'><strong>tin</strong></span> <span class='ocrx_word' id='word_1_34' title='bbox 647 647 693 706; x_wconf 89' lang='lat' dir='ltr'><strong>uli</strong></span> <span class='ocrx_word' id='word_1_35' title='bbox 706 643 779 710; x_wconf 75' lang='lat' dir='ltr'><strong>diet</strong></span> <span class='ocrx_word' id='word_1_36' title='bbox 794 646 992 733; x_wconf 74' lang='lat' dir='ltr'><strong>quotidianis</strong></span> <span class='ocrx_word' id='word_1_37' title='bbox 1006 647 1066 708; x_wconf 89' lang='lat' dir='ltr'><strong>ob·</strong></span> 
     </span>
     <span class='ocr_line' id='line_1_6' title="bbox 70 667 1067 810; baseline 0.007 -28"><span class='ocrx_word' id='word_1_38' title='bbox 70 722 341 786; x_wconf 84' lang='lat' dir='ltr'><strong>nunciationibut</strong></span> <span class='ocrx_word' id='word_1_39' title='bbox 373 725 582 792; x_wconf 87' lang='lat' dir='ltr'><strong>tollebantur.</strong></span> <span class='ocrx_word' id='word_1_40' title='bbox 624 667 699 790; x_wconf 75' lang='lat' dir='ltr'><strong>gSub</strong></span> <span class='ocrx_word' id='word_1_41' title='bbox 728 726 824 791; x_wconf 88' lang='lat' dir='ltr'><strong>linem</strong></span> <span class='ocrx_word' id='word_1_42' title='bbox 852 728 946 810; x_wconf 74' lang='lat' dir='ltr'><strong>hujus</strong></span> <span class='ocrx_word' id='word_1_43' title='bbox 974 730 1067 802; x_wconf 78' lang='lat' dir='ltr'><strong>arni,</strong></span> 
     </span>
     <span class='ocr_line' id='line_1_7' title="bbox 72 806 1070 893; baseline 0.008 -30"><span class='ocrx_word' id='word_1_44' title='bbox 72 817 176 887; x_wconf 88' lang='lat' dir='ltr'><strong>quum</strong></span> <span class='ocrx_word' id='word_1_45' title='bbox 192 806 386 889; x_wconf 79' lang='lat' dir='ltr'><strong>peregrinae</strong></span> <span class='ocrx_word' id='word_1_46' title='bbox 406 807 588 893; x_wconf 77' lang='lat' dir='ltr'><strong>religionen</strong></span> <span class='ocrx_word' id='word_1_47' title='bbox 611 808 814 874; x_wconf 73' lang='lat' dir='ltr'><strong>invalescere</strong></span> <span class='ocrx_word' id='word_1_48' title='bbox 831 825 961 874; x_wconf 80' lang='lat' dir='ltr'><strong>renatae</strong></span> <span class='ocrx_word' id='word_1_49' title='bbox 981 827 1070 873; x_wconf 87' lang='lat' dir='ltr'><strong>eom·</strong></span> 
     </span>
     <span class='ocr_line' id='line_1_8' title="bbox 70 884 1070 976; baseline 0.007 -31"><span class='ocrx_word' id='word_1_50' title='bbox 70 884 229 968; x_wconf 70' lang='lat' dir='ltr'><strong>petiiset,</strong></span> <span class='ocrx_word' id='word_1_51' title='bbox 253 909 296 948; x_wconf 82' lang='lat' dir='ltr'><strong>utt</strong></span> <span class='ocrx_word' id='word_1_52' title='bbox 329 891 382 950; x_wconf 78' lang='lat' dir='ltr'><strong>otto</strong></span> <span class='ocrx_word' id='word_1_53' title='bbox 397 895 537 972; x_wconf 61' lang='lat' dir='ltr'><strong>ceraptatis</strong></span> <span class='ocrx_word' id='word_1_54' title='bbox 551 895 683 972; x_wconf 63' lang='lat' dir='ltr'><strong>imoque</strong></span> <span class='ocrx_word' id='word_1_55' title='bbox 700 899 849 974; x_wconf 72' lang='lat' dir='ltr'><strong>aptivam</strong></span> <span class='ocrx_word' id='word_1_56' title='bbox 866 899 897 954; x_wconf 84' lang='lat' dir='ltr'><strong>itt</strong></span> <span class='ocrx_word' id='word_1_57' title='bbox 910 893 978 953; x_wconf 75' lang='lat' dir='ltr'><strong>urbe</strong></span> <span class='ocrx_word' id='word_1_58' title='bbox 987 905 1070 976; x_wconf 71' lang='lat' dir='ltr'><strong>sacto</strong></span> 
     </span>
    </p>
   </div>
   <div class='ocr_carea' id='block_1_3' title="bbox 69 967 454 1043">
    <p class='ocr_par' dir='ltr' id='par_1_4' title="bbox 69 967 454 1043">
     <span class='ocr_line' id='line_1_9' title="bbox 69 967 454 1043; baseline 0.023 -17"><span class='ocrx_word' id='word_1_59' title='bbox 69 967 285 1043; x_wconf 68' lang='lat' dir='ltr'><strong>demererer,</strong></span> <span class='ocrx_word' id='word_1_60' title='bbox 319 983 454 1035; x_wconf 77' lang='lat' dir='ltr'><strong>cenent.</strong></span> 
     </span>
    </p>
   </div>
   <div class='ocr_carea' id='block_1_4' title="bbox 68 1095 1275 2494">
    <p class='ocr_par' dir='ltr' id='par_1_5' title="bbox 68 1095 1275 2494">
     <span class='ocr_line' id='line_1_10' title="bbox 136 1095 1275 1199; baseline 0.006 -37"><span class='ocrx_word' id='word_1_61' title='bbox 136 1099 255 1164; x_wconf 73' lang='lat' dir='ltr'><strong>xxiv.</strong></span> <span class='ocrx_word' id='word_1_62' title='bbox 287 1103 377 1164; x_wconf 86' lang='lat' dir='ltr'><strong>lnter</strong></span> <span class='ocrx_word' id='word_1_63' title='bbox 400 1099 498 1176; x_wconf 83' lang='lat' dir='ltr'><strong>baec,</strong></span> <span class='ocrx_word' id='word_1_64' title='bbox 535 1115 647 1166; x_wconf 85' lang='lat' dir='ltr'><strong>exacto</strong></span> <span class='ocrx_word' id='word_1_65' title='bbox 670 1103 840 1166; x_wconf 82' lang='lat' dir='ltr'><strong>contulum</strong></span> <span class='ocrx_word' id='word_1_66' title='bbox 863 1095 1275 1199; x_wconf 66' lang='lat' dir='ltr'><strong>magistratu,&#39;1„„„3„,„</strong></span> 
     </span>
     <span class='ocr_line' id='line_1_11' title="bbox 70 1181 1067 1280; baseline 0.005 -36"><span class='ocrx_word' id='word_1_67' title='bbox 70 1201 184 1266; x_wconf 89' lang='lat' dir='ltr'><strong>neque</strong></span> <span class='ocrx_word' id='word_1_68' title='bbox 201 1183 380 1280; x_wconf 72' lang='lat' dir='ltr'><strong>designatio</strong></span> <span class='ocrx_word' id='word_1_69' title='bbox 395 1181 470 1244; x_wconf 89' lang='lat' dir='ltr'><strong>dum</strong></span> <span class='ocrx_word' id='word_1_70' title='bbox 487 1183 571 1258; x_wconf 78' lang='lat' dir='ltr'><strong>aliia,</strong></span> <span class='ocrx_word' id='word_1_71' title='bbox 594 1205 648 1246; x_wconf 84' lang='lat' dir='ltr'><strong>rea</strong></span> <span class='ocrx_word' id='word_1_72' title='bbox 664 1185 704 1246; x_wconf 87' lang='lat' dir='ltr'><strong>ad</strong></span> <span class='ocrx_word' id='word_1_73' title='bbox 718 1187 941 1270; x_wconf 75' lang='lat' dir='ltr'><strong>interregnum</strong></span> <span class='ocrx_word' id='word_1_74' title='bbox 955 1185 1067 1249; x_wconf 80' lang='lat' dir='ltr'><strong>rediit.</strong></span> 
     </span>
     <span class='ocr_line' id='line_1_12' title="bbox 72 1263 1082 1350; baseline 0.007 -26"><span class='ocrx_word' id='word_1_75' title='bbox 72 1264 144 1324; x_wconf 81' lang='lat' dir='ltr'><strong>sex</strong></span> <span class='ocrx_word' id='word_1_76' title='bbox 162 1277 196 1326; x_wconf 89' lang='lat' dir='ltr'><strong>et</strong></span> <span class='ocrx_word' id='word_1_77' title='bbox 212 1263 346 1350; x_wconf 71' lang='lat' dir='ltr'><strong>triginta</strong></span> <span class='ocrx_word' id='word_1_78' title='bbox 362 1265 547 1348; x_wconf 79' lang='lat' dir='ltr'><strong>interreges</strong></span> <span class='ocrx_word' id='word_1_79' title='bbox 565 1265 715 1340; x_wconf 85' lang='lat' dir='ltr'><strong>luerunt,</strong></span> <span class='ocrx_word' id='word_1_80' title='bbox 737 1268 933 1329; x_wconf 75' lang='lat' dir='ltr'><strong>continuatis</strong></span> <span class='ocrx_word' id='word_1_81' title='bbox 955 1269 996 1330; x_wconf 87' lang='lat' dir='ltr'><strong>ad</strong></span> <span class='ocrx_word' id='word_1_82' title='bbox 1015 1289 1082 1350; x_wconf 43' lang='lat' dir='ltr'><strong>ae,</strong></span> 
     </span>
     <span class='ocr_line' id='line_1_13' title="bbox 69 1347 1069 1433; baseline 0.005 -27"><span class='ocrx_word' id='word_1_83' title='bbox 69 1357 209 1428; x_wconf 82' lang='lat' dir='ltr'><strong>ptenum</strong></span> <span class='ocrx_word' id='word_1_84' title='bbox 233 1365 338 1432; x_wconf 88' lang='lat' dir='ltr'><strong>uaque</strong></span> <span class='ocrx_word' id='word_1_85' title='bbox 358 1366 501 1410; x_wconf 79' lang='lat' dir='ltr'><strong>mentem</strong></span> <span class='ocrx_word' id='word_1_86' title='bbox 522 1347 733 1431; x_wconf 87' lang='lat' dir='ltr'><strong>interregnia.</strong></span> <span class='ocrx_word' id='word_1_87' title='bbox 779 1351 846 1412; x_wconf 89' lang='lat' dir='ltr'><strong>Per</strong></span> <span class='ocrx_word' id='word_1_88' title='bbox 864 1363 984 1412; x_wconf 87' lang='lat' dir='ltr'><strong>tantum</strong></span> <span class='ocrx_word' id='word_1_89' title='bbox 1005 1351 1069 1433; x_wconf 88' lang='lat' dir='ltr'><strong>igi-</strong></span> 
     </span>
     <span class='ocr_line' id='line_1_14' title="bbox 68 1427 1069 1515; baseline 0.008 -29"><span class='ocrx_word' id='word_1_90' title='bbox 68 1437 162 1489; x_wconf 86' lang='lat' dir='ltr'><strong>tura</strong></span> <span class='ocrx_word' id='word_1_91' title='bbox 187 1427 286 1490; x_wconf 88' lang='lat' dir='ltr'><strong>atium</strong></span> <span class='ocrx_word' id='word_1_92' title='bbox 305 1448 413 1511; x_wconf 87' lang='lat' dir='ltr'><strong>neque</strong></span> <span class='ocrx_word' id='word_1_93' title='bbox 431 1429 583 1490; x_wconf 76' lang='lat' dir='ltr'><strong>eonsules</strong></span> <span class='ocrx_word' id='word_1_94' title='bbox 601 1431 742 1504; x_wconf 86' lang='lat' dir='ltr'><strong>Romae,</strong></span> <span class='ocrx_word' id='word_1_95' title='bbox 768 1451 876 1514; x_wconf 82' lang='lat' dir='ltr'><strong>neque</strong></span> <span class='ocrx_word' id='word_1_96' title='bbox 896 1445 1069 1515; x_wconf 76' lang='lat' dir='ltr'><strong>praetores</strong></span> 
     </span>
     <span class='ocr_line' id='line_1_15' title="bbox 68 1450 1070 1593; baseline 0.006 -25"><span class='ocrx_word' id='word_1_97' title='bbox 68 1507 135 1575; x_wconf 88' lang='lat' dir='ltr'><strong>ulli</strong></span> <span class='ocrx_word' id='word_1_98' title='bbox 156 1450 301 1572; x_wconf 58' lang='lat' dir='ltr'><strong>linerent.</strong></span> <span class='ocrx_word' id='word_1_99' title='bbox 346 1509 574 1593; x_wconf 77' lang='lat' dir='ltr'><strong>bnepieiorum</strong></span> <span class='ocrx_word' id='word_1_100' title='bbox 595 1511 682 1572; x_wconf 87' lang='lat' dir='ltr'><strong>enim</strong></span> <span class='ocrx_word' id='word_1_101' title='bbox 701 1515 734 1574; x_wconf 82' lang='lat' dir='ltr'><strong>et</strong></span> <span class='ocrx_word' id='word_1_102' title='bbox 752 1509 946 1575; x_wconf 80' lang='lat' dir='ltr'><strong>ostentorum</strong></span> <span class='ocrx_word' id='word_1_103' title='bbox 966 1513 1070 1576; x_wconf 87' lang='lat' dir='ltr'><strong>iuter·</strong></span> 
     </span>
     <span class='ocr_line' id='line_1_16' title="bbox 68 1590 1070 1676; baseline 0.004 -24"><span class='ocrx_word' id='word_1_104' title='bbox 68 1605 236 1654; x_wconf 78' lang='lat' dir='ltr'><strong>venerant</strong></span> <span class='ocrx_word' id='word_1_105' title='bbox 251 1610 372 1654; x_wconf 84' lang='lat' dir='ltr'><strong>morae.</strong></span> <span class='ocrx_word' id='word_1_106' title='bbox 395 1590 542 1654; x_wconf 73' lang='lat' dir='ltr'><strong>bubones</strong></span> <span class='ocrx_word' id='word_1_107' title='bbox 559 1591 693 1676; x_wconf 82' lang='lat' dir='ltr'><strong>lupique</strong></span> <span class='ocrx_word' id='word_1_108' title='bbox 711 1595 744 1654; x_wconf 92' lang='lat' dir='ltr'><strong>in</strong></span> <span class='ocrx_word' id='word_1_109' title='bbox 762 1595 843 1656; x_wconf 88' lang='lat' dir='ltr'><strong>urbe</strong></span> <span class='ocrx_word' id='word_1_110' title='bbox 860 1594 932 1666; x_wconf 86' lang='lat' dir='ltr'><strong>viai,</strong></span> <span class='ocrx_word' id='word_1_111' title='bbox 956 1613 1070 1656; x_wconf 85' lang='lat' dir='ltr'><strong>canum</strong></span> 
     </span>
     <span class='ocr_line' id='line_1_17' title="bbox 69 1663 1093 1740; baseline 0.007 -9"><span class='ocrx_word' id='word_1_112' title='bbox 69 1671 216 1736; x_wconf 84' lang='lat' dir='ltr'><strong>ululatus</strong></span> <span class='ocrx_word' id='word_1_113' title='bbox 238 1663 368 1740; x_wconf 74' lang='lat' dir='ltr'><strong>flebiles</strong></span> <span class='ocrx_word' id='word_1_114' title='bbox 393 1671 494 1734; x_wconf 89' lang='lat' dir='ltr'><strong>auditi</strong></span> <span class='ocrx_word' id='word_1_115' title='bbox 515 1688 625 1736; x_wconf 84' lang='lat' dir='ltr'><strong>erant:</strong></span> <span class='ocrx_word' id='word_1_116' title='bbox 658 1675 863 1738; x_wconf 73' lang='lat' dir='ltr'><strong>simulacrum</strong></span> <span class='ocrx_word' id='word_1_117' title='bbox 881 1676 994 1738; x_wconf 82' lang='lat' dir='ltr'><strong>Martie</strong></span> <span class='ocrx_word' id='word_1_118' title='bbox 1017 1697 1093 1738; x_wconf 48' lang='lat' dir='ltr'><strong>sum</strong></span> 
     </span>
     <span class='ocr_line' id='line_1_18' title="bbox 69 1749 1070 1840; baseline 0.008 -28"><span class='ocrx_word' id='word_1_119' title='bbox 69 1749 229 1818; x_wconf 75' lang='lat' dir='ltr'><strong>&lt;lacerata</strong></span> <span class='ocrx_word' id='word_1_120' title='bbox 260 1753 384 1817; x_wconf 79' lang='lat' dir='ltr'><strong>fulmen</strong></span> <span class='ocrx_word' id='word_1_121' title='bbox 403 1767 470 1817; x_wconf 85' lang='lat' dir='ltr'><strong>tota</strong></span> <span class='ocrx_word' id='word_1_122' title='bbox 489 1755 570 1816; x_wconf 88' lang='lat' dir='ltr'><strong>urbe</strong></span> <span class='ocrx_word' id='word_1_123' title='bbox 587 1770 795 1839; x_wconf 83' lang='lat' dir='ltr'><strong>pervagatum</strong></span> <span class='ocrx_word' id='word_1_124' title='bbox 815 1758 906 1840; x_wconf 80' lang='lat' dir='ltr'><strong>rigna</strong></span> <span class='ocrx_word' id='word_1_125' title='bbox 923 1757 1070 1820; x_wconf 88' lang='lat' dir='ltr'><strong>lleorum</strong></span> 
     </span>
     <span class='ocr_line' id='line_1_19' title="bbox 69 1835 1071 1920; baseline 0.007 -23"><span class='ocrx_word' id='word_1_126' title='bbox 69 1836 135 1898; x_wconf 89' lang='lat' dir='ltr'><strong>teti</strong></span> <span class='ocrx_word' id='word_1_127' title='bbox 160 1849 248 1910; x_wconf 86' lang='lat' dir='ltr'><strong>erat,</strong></span> <span class='ocrx_word' id='word_1_128' title='bbox 271 1835 420 1900; x_wconf 83' lang='lat' dir='ltr'><strong>heminae</strong></span> <span class='ocrx_word' id='word_1_129' title='bbox 440 1837 621 1920; x_wconf 82' lang='lat' dir='ltr'><strong>permultae</strong></span> <span class='ocrx_word' id='word_1_130' title='bbox 640 1839 845 1900; x_wconf 82' lang='lat' dir='ltr'><strong>exanimaret.</strong></span> <span class='ocrx_word' id='word_1_131' title='bbox 888 1837 972 1912; x_wconf 86' lang='lat' dir='ltr'><strong>Sed,</strong></span> <span class='ocrx_word' id='word_1_132' title='bbox 990 1837 1071 1904; x_wconf 83' lang='lat' dir='ltr'><strong>haee</strong></span> 
     </span>
     <span class='ocr_line' id='line_1_20' title="bbox 70 1857 1071 2003; baseline 0.006 -26"><span class='ocrx_word' id='word_1_133' title='bbox 70 1857 209 2000; x_wconf 60' lang='lat' dir='ltr'><strong>quibem</strong></span> <span class='ocrx_word' id='word_1_134' title='bbox 228 1931 378 2002; x_wconf 84' lang='lat' dir='ltr'><strong>portenta</strong></span> <span class='ocrx_word' id='word_1_135' title='bbox 396 1917 514 2003; x_wconf 79' lang='lat' dir='ltr'><strong>quibua</strong></span> <span class='ocrx_word' id='word_1_136' title='bbox 533 1931 585 1978; x_wconf 88' lang='lat' dir='ltr'><strong>aut</strong></span> <span class='ocrx_word' id='word_1_137' title='bbox 600 1919 719 1992; x_wconf 81' lang='lat' dir='ltr'><strong>terrie,</strong></span> <span class='ocrx_word' id='word_1_138' title='bbox 743 1933 796 1980; x_wconf 92' lang='lat' dir='ltr'><strong>aut</strong></span> <span class='ocrx_word' id='word_1_139' title='bbox 809 1919 995 1982; x_wconf 76' lang='lat' dir='ltr'><strong>hominibus</strong></span> <span class='ocrx_word' id='word_1_140' title='bbox 1010 1921 1071 1982; x_wconf 90' lang='lat' dir='ltr'><strong>mi·</strong></span> 
     </span>
     <span class='ocr_line' id='line_1_21' title="bbox 68 1999 1074 2084; baseline 0.006 -26"><span class='ocrx_word' id='word_1_141' title='bbox 68 2013 251 2071; x_wconf 85' lang='lat' dir='ltr'><strong>narentur,</strong></span> <span class='ocrx_word' id='word_1_142' title='bbox 277 2000 461 2084; x_wconf 86' lang='lat' dir='ltr'><strong>ambiguum</strong></span> <span class='ocrx_word' id='word_1_143' title='bbox 482 1999 652 2083; x_wconf 80' lang='lat' dir='ltr'><strong>multiplex</strong></span> <span class='ocrx_word' id='word_1_144' title='bbox 671 2013 782 2062; x_wconf 88' lang='lat' dir='ltr'><strong>terror</strong></span> <span class='ocrx_word' id='word_1_145' title='bbox 800 2000 951 2064; x_wconf 77' lang='lat' dir='ltr'><strong>faciebat.</strong></span> <span class='ocrx_word' id='word_1_146' title='bbox 994 2007 1074 2065; x_wconf 85' lang='lat' dir='ltr'><strong>Nam</strong></span> 
     </span>
     <span class='ocr_line' id='line_1_22' title="bbox 69 2081 1123 2157; baseline 0.001 -15"><span class='ocrx_word' id='word_1_147' title='bbox 69 2093 110 2144; x_wconf 84' lang='lat' dir='ltr'><strong>et</strong></span> <span class='ocrx_word' id='word_1_148' title='bbox 127 2081 163 2142; x_wconf 92' lang='lat' dir='ltr'><strong>in</strong></span> <span class='ocrx_word' id='word_1_149' title='bbox 180 2081 262 2144; x_wconf 87' lang='lat' dir='ltr'><strong>urbe</strong></span> <span class='ocrx_word' id='word_1_150' title='bbox 277 2082 441 2144; x_wconf 84' lang='lat' dir='ltr'><strong>turbatum</strong></span> <span class='ocrx_word' id='word_1_151' title='bbox 457 2095 547 2153; x_wconf 89' lang='lat' dir='ltr'><strong>erat,</strong></span> <span class='ocrx_word' id='word_1_152' title='bbox 570 2096 602 2142; x_wconf 85' lang='lat' dir='ltr'><strong>et</strong></span> <span class='ocrx_word' id='word_1_153' title='bbox 618 2081 724 2144; x_wconf 82' lang='lat' dir='ltr'><strong>Gallia</strong></span> <span class='ocrx_word' id='word_1_154' title='bbox 741 2081 930 2157; x_wconf 77' lang='lat' dir='ltr'><strong>rebellabat,</strong></span> <span class='ocrx_word' id='word_1_155' title='bbox 954 2097 1075 2146; x_wconf 86' lang='lat' dir='ltr'><strong>etcum</strong></span> <span class='ocrx_word' id='word_1_156' title='bbox 1119 2117 1123 2142; x_wconf 65' lang='lat'><em>2</em></span> 
     </span>
     <span class='ocr_line' id='line_1_23' title="bbox 69 2161 1071 2247; baseline 0.004 -23"><span class='ocrx_word' id='word_1_157' title='bbox 69 2161 225 2236; x_wconf 75' lang='lat' dir='ltr'><strong>Parthie,</strong></span> <span class='ocrx_word' id='word_1_158' title='bbox 247 2161 420 2246; x_wconf 75' lang='lat' dir='ltr'><strong>ignorante</strong></span> <span class='ocrx_word' id='word_1_159' title='bbox 438 2164 561 2247; x_wconf 90' lang='lat' dir='ltr'><strong>populo</strong></span> <span class='ocrx_word' id='word_1_160' title='bbox 576 2164 739 2236; x_wconf 87' lang='lat' dir='ltr'><strong>Romano,</strong></span> <span class='ocrx_word' id='word_1_161' title='bbox 761 2163 882 2240; x_wconf 76' lang='lat' dir='ltr'><strong>bellum</strong></span> <span class='ocrx_word' id='word_1_162' title='bbox 898 2161 1071 2228; x_wconf 77' lang='lat' dir='ltr'><strong>exstiteret.</strong></span> 
     </span>
     <span class='ocr_line' id='line_1_24' title="bbox 72 2243 1238 2329; baseline 0 -23"><span class='ocrx_word' id='word_1_163' title='bbox 72 2244 155 2318; x_wconf 76' lang='lat' dir='ltr'><strong>aad,</strong></span> <span class='ocrx_word' id='word_1_164' title='bbox 186 2263 269 2329; x_wconf 86' lang='lat' dir='ltr'><strong>qnae</strong></span> <span class='ocrx_word' id='word_1_165' title='bbox 294 2245 423 2326; x_wconf 81' lang='lat' dir='ltr'><strong>objecta</strong></span> <span class='ocrx_word' id='word_1_166' title='bbox 445 2243 774 2329; x_wconf 75' lang='lat' dir='ltr'><strong>Caelio-Euphratem</strong></span> <span class='ocrx_word' id='word_1_167' title='bbox 795 2247 1074 2311; x_wconf 75' lang='lat' dir='ltr'><strong>transeunti‘mox</strong></span> <span class='ocrx_word' id='word_1_168' title='bbox 1185 2297 1186 2301; x_wconf 62' lang='grc'>,</span> <span class='ocrx_word' id='word_1_169' title='bbox 1235 2297 1238 2306; x_wconf 94' lang='grc'><em>,</em></span> 
     </span>
     <span class='ocr_line' id='line_1_25' title="bbox 69 2325 1075 2411; baseline 0.004 -23"><span class='ocrx_word' id='word_1_170' title='bbox 69 2326 347 2402; x_wconf 85' lang='lat' dir='ltr'><strong>memorabimut,</strong></span> <span class='ocrx_word' id='word_1_171' title='bbox 370 2327 437 2411; x_wconf 85' lang='lat' dir='ltr'><strong>ipai</strong></span> <span class='ocrx_word' id='word_1_172' title='bbox 456 2327 680 2411; x_wconf 82' lang='lat' dir='ltr'><strong>exercituique</strong></span> <span class='ocrx_word' id='word_1_173' title='bbox 699 2325 1075 2394; x_wconf 56' lang='lat' dir='ltr'><strong>natantianatantia</strong></span> 
     </span>
     <span class='ocr_line' id='line_1_26' title="bbox 68 2407 1023 2494; baseline 0.003 -22"><span class='ocrx_word' id='word_1_174' title='bbox 68 2421 143 2472; x_wconf 86' lang='lat' dir='ltr'><strong>tum</strong></span> <span class='ocrx_word' id='word_1_175' title='bbox 164 2407 414 2494; x_wconf 85' lang='lat' dir='ltr'><strong>portenderunt.</strong></span> <span class='ocrx_word' id='word_1_176' title='bbox 1018 2431 1023 2440; x_wconf 87' lang='grc'>’</span> 
     </span>
    </p>
   </div>
   <div class='ocr_carea' id='block_1_5' title="bbox 70 2552 1270 3788">
    <p class='ocr_par' dir='ltr' id='par_1_6' title="bbox 132 2552 1270 2644">
     <span class='ocr_line' id='line_1_27' title="bbox 132 2552 1270 2644; baseline -0.001 -22"><span class='ocrx_word' id='word_1_177' title='bbox 132 2552 245 2626; x_wconf 65' lang='lat' dir='ltr'><strong>XXV.</strong></span> <span class='ocrx_word' id='word_1_178' title='bbox 268 2559 360 2624; x_wconf 85' lang='lat' dir='ltr'><strong>Haeo</strong></span> <span class='ocrx_word' id='word_1_179' title='bbox 381 2579 463 2644; x_wconf 90' lang='lat' dir='ltr'><strong>ergo</strong></span> <span class='ocrx_word' id='word_1_180' title='bbox 482 2579 579 2644; x_wconf 87' lang='lat' dir='ltr'><strong>quum</strong></span> <span class='ocrx_word' id='word_1_181' title='bbox 600 2555 831 2642; x_wconf 80' lang='lat' dir='ltr'><strong>impedimenta</strong></span> <span class='ocrx_word' id='word_1_182' title='bbox 851 2557 993 2622; x_wconf 82' lang='lat' dir='ltr'><strong>comitile</strong></span> <span class='ocrx_word' id='word_1_183' title='bbox 1013 2557 1070 2622; x_wconf 88' lang='lat' dir='ltr'><strong>ob·</strong></span> <span class='ocrx_word' id='word_1_184' title='bbox 1094 2571 1270 2631; x_wconf 57' lang='lat' dir='ltr'><strong>mmmm</strong></span> 
     </span>
    </p>

    <p class='ocr_par' dir='ltr' id='par_1_7' title="bbox 71 2639 1268 2807">
     <span class='ocr_line' id='line_1_28' title="bbox 71 2639 1268 2726; baseline -0.003 -23"><span class='ocrx_word' id='word_1_185' title='bbox 71 2639 280 2724; x_wconf 85' lang='lat' dir='ltr'><strong>jieerentur,</strong></span> <span class='ocrx_word' id='word_1_186' title='bbox 310 2643 407 2726; x_wconf 87' lang='lat' dir='ltr'><strong>longe</strong></span> <span class='ocrx_word' id='word_1_187' title='bbox 431 2643 531 2722; x_wconf 84' lang='lat' dir='ltr'><strong>naajna</strong></span> <span class='ocrx_word' id='word_1_188' title='bbox 555 2656 652 2726; x_wconf 85' lang='lat' dir='ltr'><strong>atque</strong></span> <span class='ocrx_word' id='word_1_189' title='bbox 677 2639 847 2704; x_wconf 72' lang='lat' dir='ltr'><strong>difficilius</strong></span> <span class='ocrx_word' id='word_1_190' title='bbox 866 2641 1071 2704; x_wconf 85' lang='lat' dir='ltr'><strong>tribunorum</strong></span> <span class='ocrx_word' id='word_1_191' title='bbox 1081 2645 1168 2716; x_wconf 73' lang='lat' dir='ltr'><strong>pletis</strong></span> <span class='ocrx_word' id='word_1_192' title='bbox 1181 2655 1268 2700; x_wconf 73' lang='lat' dir='ltr'><strong>muru-</strong></span> 
     </span>
     <span class='ocr_line' id='line_1_29' title="bbox 103 2716 1183 2807; baseline -0.001 -21"><span class='ocrx_word' id='word_1_193' title='bbox 103 2723 189 2786; x_wconf 82' lang='lat' dir='ltr'><strong>lebia</strong></span> <span class='ocrx_word' id='word_1_194' title='bbox 211 2727 412 2796; x_wconf 84' lang='lat' dir='ltr'><strong>contumacia</strong></span> <span class='ocrx_word' id='word_1_195' title='bbox 429 2723 608 2786; x_wconf 78' lang='lat' dir='ltr'><strong>adferebat.</strong></span> <span class='ocrx_word' id='word_1_196' title='bbox 643 2721 693 2784; x_wconf 90' lang='lat' dir='ltr'><strong>llli</strong></span> <span class='ocrx_word' id='word_1_197' title='bbox 711 2723 797 2784; x_wconf 88' lang='lat' dir='ltr'><strong>enim</strong></span> <span class='ocrx_word' id='word_1_198' title='bbox 813 2723 923 2807; x_wconf 85' lang='lat' dir='ltr'><strong>praeci</strong></span> <span class='ocrx_word' id='word_1_199' title='bbox 948 2744 988 2786; x_wconf 88' lang='lat' dir='ltr'><strong>ue</strong></span> <span class='ocrx_word' id='word_1_200' title='bbox 1005 2716 1183 2796; x_wconf 56' lang='lat' dir='ltr'><strong>tur-&#39;&#39;⁸⁶⁸3&#39;-</strong></span> 
     </span>
    </p>

    <p class='ocr_par' dir='ltr' id='par_1_8' title="bbox 73 2745 1070 2902">
     <span class='ocr_line' id='line_1_30' title="bbox 73 2745 1070 2902; baseline -0.001 -34"><span class='ocrx_word' id='word_1_201' title='bbox 73 2745 133 2868; x_wconf 70' lang='lat' dir='ltr'><strong>bis</strong></span> <span class='ocrx_word' id='word_1_202' title='bbox 152 2805 204 2867; x_wconf 85' lang='lat' dir='ltr'><strong>hia</strong></span> <span class='ocrx_word' id='word_1_203' title='bbox 224 2803 485 2879; x_wconf 86' lang='lat' dir='ltr'><strong>delectabantur,</strong></span> <span class='ocrx_word' id='word_1_204' title='bbox 516 2825 576 2902; x_wconf 88' lang='lat' dir='ltr'><strong>per</strong></span> <span class='ocrx_word' id='word_1_205' title='bbox 622 2823 679 2866; x_wconf 81' lang='lat' dir='ltr'><strong>uae</strong></span> <span class='ocrx_word' id='word_1_206' title='bbox 698 2805 808 2866; x_wconf 84' lang='lat' dir='ltr'><strong>multia</strong></span> <span class='ocrx_word' id='word_1_207' title='bbox 828 2746 998 2879; x_wconf 69' lang='lat' dir='ltr'><strong>terebat,</strong></span> <span class='ocrx_word' id='word_1_208' title='bbox 1029 2803 1070 2868; x_wconf 86' lang='lat' dir='ltr'><strong>ad</strong></span> 
     </span>
    </p>

    <p class='ocr_par' dir='ltr' id='par_1_9' title="bbox 71 2825 1096 2984">
     <span class='ocr_line' id='line_1_31' title="bbox 71 2825 1096 2984; baseline 0.002 -34"><span class='ocrx_word' id='word_1_209' title='bbox 71 2907 172 2950; x_wconf 81' lang='lat' dir='ltr'><strong>auum</strong></span> <span class='ocrx_word' id='word_1_210' title='bbox 193 2885 338 2950; x_wconf 83' lang='lat' dir='ltr'><strong>cilicium</strong></span> <span class='ocrx_word' id='word_1_211' title='bbox 356 2909 421 2951; x_wconf 88' lang='lat' dir='ltr'><strong>non</strong></span> <span class='ocrx_word' id='word_1_212' title='bbox 440 2825 699 2984; x_wconf 58' lang='lat' dir='ltr'><strong>pertinentbrus,</strong></span> <span class='ocrx_word' id='word_1_213' title='bbox 732 2885 942 2970; x_wconf 75' lang='lat' dir='ltr'><strong>ingerebant,</strong></span> <span class='ocrx_word' id='word_1_214' title='bbox 972 2897 1096 2972; x_wconf 84' lang='lat' dir='ltr'><strong>quum&#39;</strong></span> 
     </span>
    </p>

    <p class='ocr_par' dir='ltr' id='par_1_10' title="bbox 75 2965 1102 3054">
     <span class='ocr_line' id='line_1_32' title="bbox 75 2965 1102 3054; baseline 0 -22"><span class='ocrx_word' id='word_1_215' title='bbox 75 2969 137 3032; x_wconf 81' lang='lat' dir='ltr'><strong>alii</strong></span> <span class='ocrx_word' id='word_1_216' title='bbox 155 2965 353 3053; x_wconf 75' lang='lat' dir='ltr'><strong>magistratus</strong></span> <span class='ocrx_word' id='word_1_217' title='bbox 374 2970 454 3032; x_wconf 81' lang='lat' dir='ltr'><strong>nulla</strong></span> <span class='ocrx_word' id='word_1_218' title='bbox 471 2967 590 3032; x_wconf 78' lang='lat' dir='ltr'><strong>eirena:</strong></span> <span class='ocrx_word' id='word_1_219' title='bbox 611 2968 692 3030; x_wconf 89' lang='lat' dir='ltr'><strong>adeo</strong></span> <span class='ocrx_word' id='word_1_220' title='bbox 710 2981 745 3030; x_wconf 90' lang='lat' dir='ltr'><strong>ut</strong></span> <span class='ocrx_word' id='word_1_221' title='bbox 763 2969 857 3031; x_wconf 86' lang='lat' dir='ltr'><strong>ludot</strong></span> <span class='ocrx_word' id='word_1_222' title='bbox 875 2989 1005 3054; x_wconf 87' lang='lat' dir='ltr'><strong>quoque</strong></span> <span class='ocrx_word' id='word_1_223' title='bbox 1022 2969 1070 3032; x_wconf 85' lang='lat' dir='ltr'><strong>la·</strong></span> <span class='ocrx_word' id='word_1_224' title='bbox 1100 3011 1102 3018; x_wconf 46' lang='grc' dir='ltr'><strong><em>ι</em></strong></span> 
     </span>
    </p>

    <p class='ocr_par' dir='ltr' id='par_1_11' title="bbox 74 3049 1071 3194">
     <span class='ocr_line' id='line_1_33' title="bbox 74 3049 1071 3194; baseline -0.003 -79"><span class='ocrx_word' id='word_1_225' title='bbox 74 3065 196 3115; x_wconf 87' lang='lat' dir='ltr'><strong>ecrent</strong></span> <span class='ocrx_word' id='word_1_226' title='bbox 215 3065 403 3136; x_wconf 86' lang='lat' dir='ltr'><strong>praetorum</strong></span> <span class='ocrx_word' id='word_1_227' title='bbox 421 3052 514 3124; x_wconf 88' lang='lat' dir='ltr'><strong>loeo,</strong></span> <span class='ocrx_word' id='word_1_228' title='bbox 544 3069 681 3194; x_wconf 72' lang='lat' dir='ltr'><strong>quorum</strong></span> <span class='ocrx_word' id='word_1_229' title='bbox 703 3049 852 3124; x_wconf 86' lang='lat' dir='ltr'><strong>comitia,</strong></span> <span class='ocrx_word' id='word_1_230' title='bbox 883 3051 1071 3134; x_wconf 80' lang='lat' dir='ltr'><strong>priusquam</strong></span> 
     </span>
    </p>

    <p class='ocr_par' dir='ltr' id='par_1_12' title="bbox 74 3131 1072 3214">
     <span class='ocr_line' id='line_1_34' title="bbox 74 3131 1072 3214; baseline -0.003 -16"><span class='ocrx_word' id='word_1_231' title='bbox 74 3133 234 3198; x_wconf 74' lang='lat' dir='ltr'><strong>conculca</strong></span> <span class='ocrx_word' id='word_1_232' title='bbox 254 3133 355 3196; x_wconf 84' lang='lat' dir='ltr'><strong>effent</strong></span> <span class='ocrx_word' id='word_1_233' title='bbox 371 3131 492 3204; x_wconf 86' lang='lat' dir='ltr'><strong>creati,</strong></span> <span class='ocrx_word' id='word_1_234' title='bbox 513 3131 554 3194; x_wconf 90' lang='lat' dir='ltr'><strong>ha</strong></span> <span class='ocrx_word' id='word_1_235' title='bbox 578 3131 628 3192; x_wconf 88' lang='lat' dir='ltr'><strong>eri</strong></span> <span class='ocrx_word' id='word_1_236' title='bbox 648 3151 713 3192; x_wconf 91' lang='lat' dir='ltr'><strong>non</strong></span> <span class='ocrx_word' id='word_1_237' title='bbox 730 3145 890 3214; x_wconf 89' lang='lat' dir='ltr'><strong>poterant.</strong></span> <span class='ocrx_word' id='word_1_238' title='bbox 933 3133 999 3195; x_wconf 88' lang='lat' dir='ltr'><strong>Sed</strong></span> <span class='ocrx_word' id='word_1_239' title='bbox 1020 3131 1072 3194; x_wconf 84' lang='lat' dir='ltr'><strong>ol·</strong></span> 
     </span>
    </p>

    <p class='ocr_par' dir='ltr' id='par_1_13' title="bbox 74 3213 1107 3308">
     <span class='ocr_line' id='line_1_35' title="bbox 74 3213 1107 3308; baseline -0.002 -30"><span class='ocrx_word' id='word_1_240' title='bbox 74 3215 197 3278; x_wconf 85' lang='lat' dir='ltr'><strong>fenaua</strong></span> <span class='ocrx_word' id='word_1_241' title='bbox 221 3215 280 3278; x_wconf 89' lang='lat' dir='ltr'><strong>bac</strong></span> <span class='ocrx_word' id='word_1_242' title='bbox 302 3213 433 3277; x_wconf 86' lang='lat' dir='ltr'><strong>audacia</strong></span> <span class='ocrx_word' id='word_1_243' title='bbox 456 3226 586 3276; x_wconf 75' lang='lat' dir='ltr'><strong>uenatus</strong></span> <span class='ocrx_word' id='word_1_244' title='bbox 606 3213 648 3308; x_wconf 81' lang='lat' dir='ltr'><strong>Q.</strong></span> <span class='ocrx_word' id='word_1_245' title='bbox 666 3213 855 3296; x_wconf 75' lang='lat' dir='ltr'><strong>Pompeium</strong></span> <span class='ocrx_word' id='word_1_246' title='bbox 872 3213 992 3276; x_wconf 86' lang='lat' dir='ltr'><strong>Rulum</strong></span> <span class='ocrx_word' id='word_1_247' title='bbox 1012 3213 1072 3278; x_wconf 86' lang='lat' dir='ltr'><strong>tri·</strong></span> <span class='ocrx_word' id='word_1_248' title='bbox 1103 3237 1107 3245; x_wconf 68' lang='lat'><strong><em>¹</em></strong></span> 
     </span>
    </p>

    <p class='ocr_par' dir='ltr' id='par_1_14' title="bbox 70 3293 1071 3394">
     <span class='ocr_line' id='line_1_36' title="bbox 70 3293 1071 3394; baseline -0.001 -34"><span class='ocrx_word' id='word_1_249' title='bbox 70 3297 202 3360; x_wconf 88' lang='lat' dir='ltr'><strong>bunum</strong></span> <span class='ocrx_word' id='word_1_250' title='bbox 218 3297 343 3382; x_wconf 78' lang='lat' dir='ltr'><strong>plebia,</strong></span> <span class='ocrx_word' id='word_1_251' title='bbox 374 3315 565 3394; x_wconf 88' lang='lat' dir='ltr'><strong>quamquam</strong></span> <span class='ocrx_word' id='word_1_252' title='bbox 582 3293 752 3372; x_wconf 84' lang='lat' dir='ltr'><strong>dictatorie</strong></span> <span class='ocrx_word' id='word_1_253' title='bbox 772 3295 881 3358; x_wconf 80' lang='lat' dir='ltr'><strong>Sullae</strong></span> <span class='ocrx_word' id='word_1_254' title='bbox 898 3310 1071 3380; x_wconf 87' lang='lat' dir='ltr'><strong>nepotem,</strong></span> 
     </span>
    </p>

    <p class='ocr_par' dir='ltr' id='par_1_15' title="bbox 74 3370 1073 3461">
     <span class='ocr_line' id='line_1_37' title="bbox 74 3370 1073 3461; baseline -0.002 -19"><span class='ocrx_word' id='word_1_255' title='bbox 74 3381 113 3442; x_wconf 90' lang='lat' dir='ltr'><strong>in</strong></span> <span class='ocrx_word' id='word_1_256' title='bbox 136 3397 302 3442; x_wconf 85' lang='lat' dir='ltr'><strong>carcerem</strong></span> <span class='ocrx_word' id='word_1_257' title='bbox 321 3378 396 3442; x_wconf 85' lang='lat' dir='ltr'><strong>duct</strong></span> <span class='ocrx_word' id='word_1_258' title='bbox 411 3377 515 3461; x_wconf 75' lang='lat' dir='ltr'><strong>jussitt</strong></span> <span class='ocrx_word' id='word_1_259' title='bbox 538 3375 650 3439; x_wconf 88' lang='lat' dir='ltr'><strong>eadem</strong></span> <span class='ocrx_word' id='word_1_260' title='bbox 666 3395 770 3460; x_wconf 90' lang='lat' dir='ltr'><strong>poena</strong></span> <span class='ocrx_word' id='word_1_261' title='bbox 788 3390 821 3438; x_wconf 90' lang='lat' dir='ltr'><strong>et</strong></span> <span class='ocrx_word' id='word_1_262' title='bbox 837 3370 909 3448; x_wconf 77' lang='lat' dir='ltr'><strong>allia</strong></span> <span class='ocrx_word' id='word_1_263' title='bbox 927 3377 1073 3442; x_wconf 85' lang='lat' dir='ltr'><strong>turbeto-</strong></span> 
     </span>
    </p>

    <p class='ocr_par' dir='ltr' id='par_1_16' title="bbox 74 3458 1190 3623">
     <span class='ocr_line' id='line_1_38' title="bbox 74 3458 1190 3556; baseline -0.004 -32"><span class='ocrx_word' id='word_1_264' title='bbox 74 3462 175 3524; x_wconf 89' lang='lat' dir='ltr'><strong>ribua</strong></span> <span class='ocrx_word' id='word_1_265' title='bbox 192 3459 392 3545; x_wconf 82' lang='lat' dir='ltr'><strong>praestituta,</strong></span> <span class='ocrx_word' id='word_1_266' title='bbox 416 3458 642 3555; x_wconf 85' lang='lat' dir='ltr'><strong>Pompejoque</strong></span> <span class='ocrx_word' id='word_1_267' title='bbox 662 3461 778 3540; x_wconf 85' lang='lat' dir='ltr'><strong>Magno</strong></span> <span class='ocrx_word' id='word_1_268' title='bbox 799 3459 914 3520; x_wconf 86' lang='lat' dir='ltr'><strong>tradita</strong></span> <span class='ocrx_word' id='word_1_269' title='bbox 932 3459 1002 3556; x_wconf 75' lang='lat' dir='ltr'><strong>ejus</strong></span> <span class='ocrx_word' id='word_1_270' title='bbox 1020 3459 1072 3521; x_wconf 85' lang='lat' dir='ltr'><strong>rei</strong></span> <span class='ocrx_word' id='word_1_271' title='bbox 1185 3475 1190 3482; x_wconf 86' lang='grc'><strong><em>·</em></strong></span> 
     </span>
     <span class='ocr_line' id='line_1_39' title="bbox 104 3537 1073 3623; baseline -0.002 -19"><span class='ocrx_word' id='word_1_272' title='bbox 104 3539 250 3606; x_wconf 82' lang='lat' dir='ltr'><strong>otellate.</strong></span> <span class='ocrx_word' id='word_1_273' title='bbox 280 3543 346 3606; x_wconf 86' lang='lat' dir='ltr'><strong>Sed</strong></span> <span class='ocrx_word' id='word_1_274' title='bbox 361 3543 483 3616; x_wconf 81' lang='lat' dir='ltr'><strong>Ruina,</strong></span> <span class='ocrx_word' id='word_1_275' title='bbox 506 3556 553 3602; x_wconf 79' lang='lat' dir='ltr'><strong>uti</strong></span> <span class='ocrx_word' id='word_1_276' title='bbox 573 3541 698 3602; x_wconf 73' lang='lat' dir='ltr'><strong>socium</strong></span> <span class='ocrx_word' id='word_1_277' title='bbox 719 3537 788 3616; x_wconf 78' lang='lat' dir='ltr'><strong>ejus</strong></span> <span class='ocrx_word' id='word_1_278' title='bbox 807 3539 1002 3623; x_wconf 77' lang='lat' dir='ltr'><strong>ignominiae</strong></span> <span class='ocrx_word' id='word_1_279' title='bbox 1016 3539 1073 3602; x_wconf 85' lang='lat' dir='ltr'><strong>lta-</strong></span> 
     </span>
    </p>

    <p class='ocr_par' dir='ltr' id='par_1_17' title="bbox 75 3567 1073 3712">
     <span class='ocr_line' id='line_1_40' title="bbox 75 3567 1073 3712; baseline -0.006 -24"><span class='ocrx_word' id='word_1_280' title='bbox 75 3567 189 3699; x_wconf 74' lang='lat' dir='ltr'><strong>beret&#39;,</strong></span> <span class='ocrx_word' id='word_1_281' title='bbox 211 3625 319 3712; x_wconf 86' lang='lat' dir='ltr'><strong>paullo</strong></span> <span class='ocrx_word' id='word_1_282' title='bbox 337 3621 407 3712; x_wconf 84' lang='lat' dir='ltr'><strong>post</strong></span> <span class='ocrx_word' id='word_1_283' title='bbox 417 3627 464 3685; x_wconf 83' lang='lat' dir='ltr'><strong>bl.</strong></span> <span class='ocrx_word' id='word_1_284' title='bbox 480 3621 657 3686; x_wconf 85' lang='lat' dir='ltr'><strong>Favonium</strong></span> <span class='ocrx_word' id='word_1_285' title='bbox 674 3617 812 3682; x_wconf 86' lang='lat' dir='ltr'><strong>aedilem</strong></span> <span class='ocrx_word' id='word_1_286' title='bbox 829 3621 934 3708; x_wconf 85' lang='lat' dir='ltr'><strong>plebis</strong></span> <span class='ocrx_word' id='word_1_287' title='bbox 952 3625 985 3684; x_wconf 91' lang='lat' dir='ltr'><strong>in</strong></span> <span class='ocrx_word' id='word_1_288' title='bbox 1001 3641 1073 3685; x_wconf 88' lang='lat' dir='ltr'><strong>car-</strong></span> 
     </span>
    </p>

    <p class='ocr_par' dir='ltr' id='par_1_18' title="bbox 79 3701 1074 3788">
     <span class='ocr_line' id='line_1_41' title="bbox 79 3701 1074 3788; baseline -0.004 -18"><span class='ocrx_word' id='word_1_289' title='bbox 79 3727 196 3770; x_wconf 87' lang='lat' dir='ltr'><strong>cerem</strong></span> <span class='ocrx_word' id='word_1_290' title='bbox 212 3705 372 3788; x_wconf 80' lang='lat' dir='ltr'><strong>eonjeeit,</strong></span> <span class='ocrx_word' id='word_1_291' title='bbox 403 3711 445 3768; x_wconf 86' lang='lat' dir='ltr'><strong>bl.</strong></span> <span class='ocrx_word' id='word_1_292' title='bbox 465 3703 596 3768; x_wconf 80' lang='lat' dir='ltr'><strong>Catonis</strong></span> <span class='ocrx_word' id='word_1_293' title='bbox 616 3702 746 3764; x_wconf 86' lang='lat' dir='ltr'><strong>unicum</strong></span> <span class='ocrx_word' id='word_1_294' title='bbox 765 3701 1011 3782; x_wconf 83' lang='lat' dir='ltr'><strong>admiratorem,</strong></span> <span class='ocrx_word' id='word_1_295' title='bbox 1040 3717 1074 3768; x_wconf 86' lang='lat' dir='ltr'><strong>et</strong></span> 
     </span>
    </p>
   </div>
   <div class='ocr_carea' id='block_1_6' title="bbox 75 3783 1097 3912">
    <p class='ocr_par' dir='ltr' id='par_1_19' title="bbox 75 3783 1097 3912">
     <span class='ocr_line' id='line_1_42' title="bbox 75 3783 1097 3912; baseline -0.006 -59"><span class='ocrx_word' id='word_1_296' title='bbox 75 3789 153 3872; x_wconf 84' lang='lat' dir='ltr'><strong>ejut</strong></span> <span class='ocrx_word' id='word_1_297' title='bbox 173 3789 410 3854; x_wconf 87' lang='lat' dir='ltr'><strong>contentillimo</strong></span> <span class='ocrx_word' id='word_1_298' title='bbox 428 3786 530 3851; x_wconf 78' lang='lat' dir='ltr'><strong>[ludio</strong></span> <span class='ocrx_word' id='word_1_299' title='bbox 548 3783 746 3848; x_wconf 87' lang='lat' dir='ltr'><strong>aedilitatem</strong></span> <span class='ocrx_word' id='word_1_300' title='bbox 763 3783 925 3870; x_wconf 87' lang='lat' dir='ltr'><strong>adeptum.</strong></span> <span class='ocrx_word' id='word_1_301' title='bbox 1086 3864 1097 3912; x_wconf 74' lang='lat' dir='ltr'><strong>l</strong></span> 
     </span>
    </p>
   </div>
   <div class='ocr_carea' id='block_1_7' title="bbox 73 3979 1071 4272">
    <p class='ocr_par' dir='ltr' id='par_1_20' title="bbox 73 3979 1071 4272">
     <span class='ocr_line' id='line_1_43' title="bbox 115 3979 1071 4110; baseline -0.006 -24"><span class='ocrx_word' id='word_1_302' title='bbox 115 4029 192 4104; x_wconf 83' lang='lat' dir='ltr'><strong>(lup.</strong></span> <span class='ocrx_word' id='word_1_303' title='bbox 206 3990 312 4085; x_wconf 73' lang='lat' dir='ltr'><strong>xxllt.</strong></span> <span class='ocrx_word' id='word_1_304' title='bbox 330 4029 400 4090; x_wconf 90' lang='lat' dir='ltr'><strong>Dio,</strong></span> <span class='ocrx_word' id='word_1_305' title='bbox 416 4027 438 4084; x_wconf 92' lang='lat' dir='ltr'><strong>l.</strong></span> <span class='ocrx_word' id='word_1_306' title='bbox 452 4026 498 4110; x_wconf 75' lang='lat' dir='ltr'><strong>dp.</strong></span> <span class='ocrx_word' id='word_1_307' title='bbox 533 3979 727 4110; x_wconf 38' lang='lat' dir='ltr'><strong>(ltpnlilssV.</strong></span> <span class='ocrx_word' id='word_1_308' title='bbox 746 3999 809 4082; x_wconf 65' lang='lat' dir='ltr'><strong>ein</strong></span> <span class='ocrx_word' id='word_1_309' title='bbox 828 4021 865 4080; x_wconf 77' lang='lat' dir='ltr'><strong>ad</strong></span> <span class='ocrx_word' id='word_1_310' title='bbox 909 4025 1028 4106; x_wconf 43' lang='lat' dir='ltr'><strong>..Fratn</strong></span> <span class='ocrx_word' id='word_1_311' title='bbox 1042 4023 1071 4091; x_wconf 77' lang='lat'><strong>³,</strong></span> 
     </span>
     <span class='ocr_line' id='line_1_44' title="bbox 73 4093 1070 4272; baseline -0.006 -44"><span class='ocrx_word' id='word_1_312' title='bbox 73 4094 740 4272; x_wconf 57' lang='lat' dir='ltr'><strong>tte.‘tetamento‘ill</strong></span> <span class='ocrx_word' id='word_1_313' title='bbox 758 4093 889 4172; x_wconf 38' lang='lat'><strong>⁰¹’⁵“¹·1</strong></span> <span class='ocrx_word' id='word_1_314' title='bbox 996 4093 1070 4168; x_wconf 71' lang='lat'><strong>⁰¹⁹·</strong></span> 
     </span>
    </p>
   </div>
   <div class='ocr_carea' id='block_1_8' title="bbox 0 0 1358 4694">
    <p class='ocr_par' dir='ltr' id='par_1_21' title="bbox 0 0 1358 4694">
     <span class='ocr_line' id='line_1_45' title="bbox 0 0 1358 4694; baseline 0 0"><span class='ocrx_word' id='word_1_315' title='bbox 0 0 1358 4694; x_wconf 95' lang='lat' dir='ltr'><strong> </strong></span> 
     </span>
    </p>
   </div>
  </div>
 </body>
</html>
