2654 4690
192 265 239 328 tn
261 257 412 328 noceat
432 259 691 328 tremum.
712 259 827 330 ntvn.
886 219 889 228 ’
952 277 1012 344 ae,
1118 215 1125 230 “

39 469 204 534 temnendus
223 471 434 558 canapararit.
476 469 671 534 tdem‘smta
687 468 882 534 beneficium
900 468 1010 532 multia
1038 473 1183 534 {bebio

40 555 108 626 aliis,
130 565 163 614 et
179 555 369 618 nominatim
384 553 425 648 Q.
439 553 590 616 Sertorio
604 551 780 638 praestitit3
802 551 870 636 qui,
893 551 1011 636 daape·
1038 543 1119 602 hc·
1131 541 1177 601 ⁸³·

40 636 97 696 ratis
114 635 232 710 robae,
254 637 289 698 in
306 635 514 720 Hispaniam,
536 635 600 718 jam
622 636 700 698 olim
720 633 922 720 provinciam
941 653 1012 696 carn

42 719 171 790 cortitua,
193 739 231 780 ae
245 719 401 790 eontulit,
424 717 596 780 maximum
612 718 722 802 paullo
738 713 808 802 post
825 714 1012 778 incendium

40 799 98 860 batti
115 800 323 896 excitaturae.
363 801 501 896 Fertur,
530 799 584 862 hia
601 799 740 870 auditis,
771 797 877 894 Carbo
895 796 1013 860 dixttra
1154 879 1162 894 ι

41 880 390 1047 etmtttts‘tt
401 881 463 1024 lb:
475 879 770 1046 ibiibi?
785 878 1012 1048 mititte
1024 881 1189 1004 ‚teet

41 1028 189 1108 rictoriani
207 1067 306 1131 aquea
325 1043 367 1109 ati
383 1057 527 1108 montem
543 1043 670 1120 Tifata,
691 1042 748 1105 ubi
769 1061 842 1105 cum
858 1042 1012 1108 Norbano
1024 1019 1066 1074 ι’·

40 1141 238 1210 pugnaverat,
261 1127 448 1192 salubritate
464 1127 614 1200 cabilon,
636 1145 815 1210 agrumque
834 1127 921 1188 eirca
935 1124 1014 1186 Dia·

40 1229 81 1270 me
98 1209 279 1284 dedicarit,
301 1211 393 1292 cujua
410 1209 537 1272 numini
556 1222 679 1272 meram
696 1208 753 1269 iiia
769 1208 865 1292 regio
882 1219 963 1270 erat.

83 1315 149 1378 xn.
176 1319 267 1378 inter
283 1316 364 1380 haec
383 1335 503 1379 novum
523 1333 559 1380 te
576 1316 608 1377 in
625 1313 715 1378 ltalia
734 1311 824 1376 sidua
843 1311 1013 1378 ostendere
1038 1339 1087 1394 0.,
1095 1333 1204 1408 ΡΜ.

40 1400 147 1484 ιοιρίι,
170 1401 231 1460 Cn.
245 1395 433 1483 Pompejna,
457 1398 557 1462 Gnaei
575 1396 675 1470 iilius,
698 1395 767 1479 ejua
787 1395 844 1480 qui
859 1395 1012 1458 Aacuium
1023 1411 1071 1478 jas
1091 1405 1182 1458 adase.

41 1493 169 1564 ceperat,
200 1482 300 1544 trium
325 1493 359 1542 et
382 1480 498 1564 viginti
523 1500 680 1543 annorum
708 1477 918 1554 adolescena3
954 1475 1102 1540 cedson
1123 1489 1197 1526 mr·

40 1583 97 1622 nox
113 1561 292 1626 alariaaima
308 1563 391 1626 fama
410 1563 546 1626 cuilibet
561 1581 674 1626 aeuum
689 1561 920 1644 imperatorum
935 1577 1015 1621 con·
1026 1545 1110 1598 ΛΜ
1131 1559 1181 1612 tm

41 1643 187 1706 ierendua.
230 1645 296 1708 ttie
317 1647 350 1706 in
364 1643 489 1708 Piceno
510 1645 599 1708 sorte
617 1641 748 1725 agebat,
772 1661 870 1725 quum
885 1641 926 1702 ad
941 1639 1015 1704 sut·
1029 1611 1112 1736 Ἢ
1124 1625 1194 1665 ‘'¹''

41 1725 87 1786 lam
102 1726 245 1811 undique
266 1747 466 1789 concurrere
486 1725 753 1812 probatissimum
797 1743 936 1807 ueraque
958 1699 1046 1784 cos
1114 1715 1124 1736 ⁹

41 1809 144 1890 gnatia
173 1808 239 1872 hoc
258 1807 381 1872 ssimuio
403 1807 522 1890 adjecit
542 1821 576 1872 ct
595 1805 664 1892 ipse
681 1805 739 1870 haa
757 1743 797 1867 ab
815 1818 925 1890 partea
947 1803 1017 1866 ani·

41 1911 125 1964 mum,
156 1911 224 1952 non
245 1905 353 1954 tamen
374 1903 410 1954 ut
430 1904 559 1956 contem
584 1904 636 1952 tua
660 1903 693 1952 ot
711 1902 872 1972 tamquam
890 1887 964 1971 opio
981 1907 1016 1948 e·

40 1991 120 2052 gena,
141 1971 203 2034 aed
224 1971 477 2046 firmamentum,
499 1913 618 2057 quibua
638 1969 835 2042 accederet,
858 1969 1017 2053 partium,

41 2070 65 2114 et
78 2076 143 2116 cnm
160 2053 327 2118 beneficio
347 2055 488 2118 veniret,
538 2053 657 2138 Igitur,
685 2050 869 2116 sollicitatio
890 2049 1020 2135 paterni

40 2137 185 2200 exereitus
206 2137 379 2223 reliquiia,
402 2158 500 2221 quum
521 2135 660 2201 Vindiua
680 2132 811 2218 quidam
827 2130 1021 2218 Pompeium

41 2237 71 2278 er
82 2218 152 2281 ludo
166 2219 278 2282 aubito
294 2218 558 2284 concionatorem
572 2217 693 2282 sactum
707 2214 928 2291 exclamaffet3
949 2227 1021 2276 tan·

41 2313 80 2361 tua
94 2301 306 2366 adolescentia
323 2299 418 2366 saror
436 2301 519 2376 init,
540 2313 595 2371 nt,
619 2321 636 2360 a
654 2297 766 2360 multia
785 2295 882 2361 aimul
895 2297 1022 2380 impetu

39 2381 125 2458 iacto,
148 2383 292 2450 Vindius
311 2403 330 2448 e
348 2379 487 2466 vestigio
506 2381 762 2468 opprimeretur.
803 2381 839 2444 In
863 2379 938 2442 foro
956 2377 1021 2462 igi·

39 2477 81 2524 tur
93 2467 307 2528 Auximatium
324 2479 436 2530 erecto
456 2465 629 2536 tribunali,
652 2462 768 2524 ducem
784 2461 924 2547 partium
941 2479 1021 2543 pro·
1082 2521 1086 2528 ,

39 2545 137 2622 ieffua,
161 2545 330 2612 Ventidiia
342 2547 518 2620 iratribua,
542 2547 598 2631 qui
615 2545 785 2638 priuciqea
803 2542 963 2614 civitoth,
986 2553 1021 2604 et

40 2629 243 2770 hcqbrbomme
263 2629 416 2696 factionia
431 2643 535 2704 eraut,
556 2626 718 2692 excedere
735 2625 835 2707 Juss'te,
857 2623 1021 2688 delectum

89 2733 117 2771 ιιι

86 2725 165 2858 Xltlb.
195 2793 248 2856 Ab
267 2794 331 2856 boe
350 2792 445 2856 initio
467 2812 564 2877 quum
584 2789 692 2853 vicina
712 2805 859 2932 (queque
879 2785 945 2848 aibi
964 2782 1019 2846 ad·
1051 2795 1088 2850 Et
1096 2795 1190 2862 statiua

41 2871 186 2958 jungeret,
219 2874 443 2938 Carbonianoa
466 2873 589 2960 ubique
613 2884 730 2957 protur
753 2883 840 2944 aret,
868 2865 962 2930 brevi
985 2867 1019 2927 in
1031 2863 1223 2934 teretium·

41 2967 142 3018 tantnm
159 2971 274 3020 auctae
291 2955 354 3031 est,
376 2970 412 3018 nt
426 2949 495 3020 t'rea
513 2956 658 3040 integrae
674 2951 824 3036 legiones
841 2949 900 3012 tab
916 2947 1020 3032 signia
1034 2949 1087 2988 Μ’
1101 2934 1171 3006 ⁶1¹¹·

42 3035 168 3104 iaceret.
212 3044 328 3123 Neque
354 3037 431 3100 huic
456 3037 617 3100 exercitui
639 3047 874 3098 commeatuum
896 3045 1021 3096 cetera·

41 3139 157 3206 rumque
176 3143 290 3184 rerum
306 3121 444 3183 idonens
463 3133 634 3206 apparatur
654 3117 778 3180 deerat.
821 3114 928 3199 ipaiua
946 3133 1023 3196 per·
1125 3118 1127 3130 '

41 3219 155 3284 magnus
174 3201 260 3288 apud
283 3204 419 3265 militem
442 3223 551 3274 amor,
588 3221 637 3262 rna
663 3219 701 3261 na
724 3197 809 3281 apud
832 3215 945 3258 omnes
967 3193 1024 3255 ad-

41 3283 152 3348 miratio
169 3299 262 3358 erat,
292 3285 346 3369 qui
369 3285 402 3348 in
423 3285 477 3347 itta
496 3297 599 3346 aetate
617 3283 651 3344 ni
677 3281 700 3344 it
719 3279 882 3342 remiss'um
903 3287 956 3339 aut
974 3275 1023 3355 ju·

41 3367 149 3438 venile,
173 3367 232 3431 aed
250 3367 357 3428 omnia
373 3365 651 3452 magniafltiucihua
670 3363 765 3426 solita
780 3359 930 3502 aqitebat.
952 3357 1025 3418 nula

42 3445 83 3506 lna
97 3449 142 3512 itti
158 3449 255 3513 labor
273 3448 404 3518 taedio,
436 3447 524 3511 nullu
544 3445 734 3528 defetigatio
756 3463 808 3506 tuo
823 3439 919 3504 ostiae
943 3451 1023 3503 erat.

41 3527 95 3589 cibi
113 3533 245 3618 vinique
262 3545 466 3614 temperant,
499 3529 605 3592 aornni
625 3548 760 3612 parona,
783 3543 889 3607 curae¹
905 3539 1025 3606 corpo·

40 3611 80 3670 ria
99 3615 289 3700 negligens,
321 3611 476 3692 majorem
503 3611 631 3672 dicrum
660 3609 869 3704 noctiumque
898 3617 1026 3690 partem

41 3689 153 3757 bellicis
177 3711 231 3758 aut
254 3695 430 3780 operibua,
454 3699 617 3758 aut'certe
638 3689 891 3775 cogitationibus
912 3699 1026 3750 conte·

44 3775 130 3839 rebat.
155 3778 351 3864 frequenter
368 3778 456 3840 inter
474 3777 595 3860 militet
613 3791 926 3857 exornaturamque,
949 3787 1024 3832 cuna

46 3895 293 3916 Q—...bh-...m
315 3908 322 3914 .

68 3962 135 4040 Cep
147 3965 196 4022 xl.
216 3965 347 4039 Appiam.
366 3965 443 4020 Plut.
463 3965 540 4021 Scri.
559 3963 637 4017 Pbat.
658 3959 732 4018 satt.
752 3959 829 4015 Vati.
865 3959 938 4030 Gap.
956 3953 1022 4010 xtt.
1042 4007 1045 4012 ,

47 4028 170 4110 Dtoapnd
179 4035 276 4092 Valea-
296 4036 349 4092 laiv
367 4037 444 4108 epta
463 4033 529 4090 Vel.
542 4033 619 4088 Mar.
633 4033 660 4098 5,
671 4049 736 4100 a,q.
752 4030 828 4084 Plut.
844 4031 1023 4152 Pompffl
1176 4032 1179 4042 '

48 4097 107 4178 ert.
117 4103 241 4160 debello
251 4103 342 4160 Afric.
355 4123 380 4159 e.
392 4123 434 4162 aa.
449 4103 526 4160 vell.
539 4119 563 4168 a,
574 4121 615 4170 aq.
635 4103 744 4158 Zonar.
757 4099 835 4157 rtur.
860 4097 934 4171 Cap.
1013 4129 1023 4149 .

46 4165 96 4228 ha.
107 4175 182 4249 Epit.
200 4173 332 4252 Appiam.
349 4173 426 4234 Plut.
445 4171 534 4233 Diod.
553 4169 632 4250 apud
645 4167 713 4231 Vnt.
739 4185 758 4224 a
