2734 4688
317 321 378 400 dod
417 319 626 384 'anamma
646 317 1065 385 SUPPLEMENTORUM
1077 320 1154 384 Lm.
1163 321 1260 385 Llllll.

147 533 183 590 U.
196 551 223 591 c.
234 535 298 594 683.
379 532 478 594 XLV.
502 533 616 612 Longe
635 529 696 590 alia
712 526 930 592 aestimatione
946 530 1181 610 suas'ligranie
1203 549 1239 590 ue
1252 529 1292 590 ri·

151 591 546 686 A'cl·⁶⁹·¹'⁰³,12¹¹⁰¹¹l¹u⁸
574 607 743 694 pensabat:
773 608 950 670 inhabilem
974 606 1111 670 hostium
1136 549 1293 673 multitudi-

145 673 308 791 dLucunus
320 713 394 759 nem
413 715 470 756 sua
488 692 574 756 mole
593 690 772 774 petituram
790 703 899 761 ratus,
934 692 981 764 si,
1011 690 1198 775 priusquam
1219 693 1294 753 ordi-

129 757 306 868 :pwssffflf
319 776 389 838 nari
407 775 533 862 pollet,
564 773 763 834 turbaretur.
805 770 932 833 Idcirco
957 773 1052 834 simul
1074 791 1147 832 cum
1167 773 1235 836 luae
1250 795 1295 838 co-

296 848 388 956 'pias
407 869 543 919 armatae
558 851 793 938 instructasque
812 849 922 914 castris
940 853 1059 926 educit,
1075 870 1296 930 amnemtrans·

316 952 432 1013 statua.
473 941 554 1001 Erat
578 937 613 998 in
639 929 975 998 ave1·laabhoilibus
998 949 1090 1018 parte
1111 937 1298 998 commodum

315 1021 554 1104 transgreiluro
574 1018 701 1080 vadum.
736 1016 771 1080 id
794 1016 870 1076 dum
890 1015 990 1100 petit,
1024 1017 1167 1100 speciem
1186 1019 1298 1114 sagien·
1338 1013 1339 1026 ¹

315 1101 358 1166 tis
377 1099 528 1198 prdebuit
546 1100 700 1182 Tigrani:
731 1099 845 1186 isque,
869 1118 947 1182 prae
970 1099 1137 1182 voluptate
1158 1099 1296 1182 gestiens,

242 1240 246 1249 t
315 1185 462 1248 'l'axtlem
491 1181 725 1266 compellabat,
757 1185 827 1243 lz'cce
846 1189 937 1240 autem
956 1185 1051 1242 invicti
1072 1187 1115 1241 tui
1131 1180 1241 1244 Rotnani
1253 1185 1298 1263 fu·
1338 1213 1339 1238 r

246 1275 247 1280 ’
311 1271 414 1350 piant,
437 1263 599 1352 inquiens.
642 1260 861 1334 marrucine,
890 1263 1001 1322 Utirmm
1017 1267 1058 1323 ita
1068 1260 1129 1342 fit,
1152 1265 1258 1325 oRex.'
1273 1285 1299 1324 c

313 1367 381 1411 vero
403 1352 515 1431 comptis
538 1343 601 1406 ilias
619 1341 708 1430 figatis
732 1348 869 1425 armisque-
884 1342 1059 1425 fitlgenribm
1079 1343 1203 1406 incedere
1222 1347 1296 1408 uida.

201 1425 203 1430 ’
298 1428 362 1516 ,doc
382 1428 419 1490 ad
436 1445 473 1511 pu
492 1445 554 1488 snm
571 1445 663 1488 earam
673 1425 804 1510 faciant,
836 1429 865 1482 ic
889 1427 988 1484 itinere
1007 1431 1135 1506 toricgeis
1154 1431 1296 1510 tegersensis

315 1529 394 1570 arma
416 1529 455 1570 car
486 1529 530 1570 ere
546 1506 637 1590 soliti.
687 1507 752 1573 Vix
777 1503 923 1577 finierat,
956 1528 1053 1590 quum
1077 1509 1183 1594 prima
1207 1510 1297 1594 aquila
1338 1555 1339 1564 ,

316 1589 481 1657 ssectenti's
499 1609 613 1672 agmen
631 1587 760 1650 Luculli
778 1587 890 1666 verius
907 1587 1080 1672 Tigranem
1098 1591 1149 1654 irc
1168 1590 1232 1652 visa
1247 1589 1297 1663 est,

315 1671 600 1756 manipulatimque
618 1669 770 1732 cohortes
787 1669 893 1754 sequi.
937 1673 1019 1732 Tum
1040 1693 1130 1744 vero,
1154 1686 1301 1758 tamquam

317 1775 357 1816 cx
381 1751 544 1840 profunda
570 1749 729 1816 ebrietate
752 1748 904 1815 reversus
928 1749 968 1824 ad
994 1775 1030 1814 ee
1044 1755 1229 1838 Tigranes,
1257 1755 1300 1816 bis

315 1849 409 1912 terro
437 1835 637 1910 exclamato.
664 1835 745 1897 itam
764 1837 863 1922 ianas
882 1831 951 1908 ilat
982 1855 1126 1922 propere
1153 1833 1234 1902 'euos
1259 1837 1301 1900 in·
1338 1867 1339 1902 t

315 1915 391 1982 litui
413 1915 514 1998 jubet.

141 2073 305 2144 pamm,
378 2049 492 2112 XLVI.
522 2043 662 2108 Mediam
687 2043 790 2107 aciem
812 2043 989 2128 regendam
1014 2047 1077 2110 sibi
1099 2049 1216 2112 sumita
1245 2051 1303 2112 lae·

127 2147 392 2216 sitammam
417 2149 519 2194 cornu
544 2127 713 2189 Adiabene
738 2127 811 2224 regi
838 2129 1018 2226 permittit3
1054 2131 1226 2204 dextrum,
1256 2133 1304 2193 ubi
1338 2149 1339 2172 ¹

90 2265 95 2278 .
126 2229 248 2284 gressus.
314 2213 466 2298 plerique
487 2209 683 2293 cataphracti
701 2209 816 2293 primas
836 2231 871 2272 tn
890 2211 1059 2274 ordinibus
1076 2211 1215 2284 liabent,
1243 2218 1306 2278 bie·
1338 2217 1339 2260 ἶ

94 2290 96 2301 ’
317 2295 370 2356 do.
415 2295 486 2354 iloc
508 2291 542 2352 in
561 2310 666 2353 cornu
688 2291 827 2374 primum
846 2291 996 2356 invectus
1011 2296 1167 2357 Lucullus
1186 2297 1307 2381 reperit
1338 2307 1339 2376 ζ

314 2375 475 2438 victoriae
496 2372 590 2434 viam.
634 2373 806 2434 'famulum
829 2375 916 2437 enim
939 2375 1125 2472 quemdam,
1163 2379 1225 2440 sub
1248 2400 1306 2464 qno
1338 2387 1339 2400 ¹

317 2454 514 2539 cataphracti
540 2453 690 2516 collocati
711 2467 1067 2540 eraut,.consp1catus,
1089 2459 1152 2520 boc
1170 2461 1256 2532 situ,
1278 2473 1309 2522 ut

317 2539 351 2604 in
370 2537 495 2600 vertice
516 2535 631 2618 planus
653 2549 686 2598 et
706 2549 840 2622 patens,
862 2536 950 2600 aditu
972 2539 1056 2602 haud
1077 2540 1172 2602 ualde
1197 2561 1310 2624 aspero
1338 2553 1339 2596 l

318 2621 462 2734 polluam
491 2637 557 2678 non
587 2615 692 2680 ferme
725 2617 977 2704 quingentorum
1007 2620 1157 2684 adscendi
1193 2625 1311 2705 pollet,
1338 2617 1339 2712 i

229 2761 235 2776 „
323 2701 481 2764 Pbraeurn
501 2699 853 2784 Gallograecorumque
875 2702 940 2762 alas
962 2723 1001 2765 ex
1023 2703 1157 2787 obliquo
1178 2705 1216 2764 in
1235 2719 1314 2766 cata·
1338 2723 1339 2782 t

319 2784 527 2870 plaractorum
547 2781 681 2844 ordines
699 2781 869 2844 incurrere
885 2781 992 2863 jubet,
1019 2785 1224 2868 cutibusque
1243 2807 1316 2848 oon-
1338 2803 1339 2844 t

318 2881 391 2937 tos,
414 2865 447 2925 in
490 2864 583 2926 uibus
602 2863 707 2927 omnis
726 2864 856 2926 illorum
874 2867 925 2926 vis
943 2863 996 2938 eil,
1019 2863 1237 2949 detorquere.
1272 2871 1316 2928 lo·
1338 2857 1339 2910 l

105 2943 111 2952 ’
211 3017 214 3025 ,
320 2947 418 3010 terim
433 2885 741 3042 iple‚‚conspicuis
761 2945 860 3006 armis
879 2945 1029 3020 indutus,
1059 2961 1193 3010 exserto
1212 2948 1318 3033 gladio

319 3043 393 3091 ante
411 3048 515 3114 prima
535 3027 627 3110 signa
645 3028 680 3090 in
695 3025 850 3100 tumulum
868 3027 1023 3105 enititum
1044 3029 1187 3126 locoque
1206 3046 1318 3115 capto,
1338 3015 1339 3040 ¹

216 3131 219 3136 ·
324 3115 468 3183 Vicimus.
486 3109 659 3181 exclamat,
682 3111 812 3186 viamus,
835 3108 956 3172 milites!
979 3111 1076 3172 simul
1094 3125 1161 3184 ruit
1182 3112 1220 3176 in
1240 3127 1320 3174 cata·

157 3252 159 3260 ,
193 3197 196 3204 ’
342 3191 492 3267 braetot,
515 3190 636 3252 amidis
658 3189 734 3274 pilis
755 3189 848 3252 enses
866 3189 993 3274 stringi,
1016 3194 1151 3280 patique
1171 3213 1280 3256 crura
1296 3208 1322 3254 et

228 3275 231 3280 ’
318 3216 463 3346 leniora,
497 3289 578 3358 quae
599 3273 667 3334 sola
686 3272 1064 3356 patebantvulneribus,
1094 3277 1321 3361 praecipiens.

320 3355 386 3418 Sed
403 3353 526 3428 hostes,
557 3373 623 3417 non
643 3355 828 3437 exspectato
850 3357 1038 3440 congrelffi,
1068 3357 1206 3422 foedam
1229 3377 1324 3442 pror·

318 3457 374 3498 sus
393 3437 502 3521 fugam
522 3437 755 3520 praecipitant:
785 3436 916 3522 ipsique
936 3451 968 3500 et
986 3437 1064 3522 equi
1081 3443 1185 3504 armis
1205 3457 1323 3526 graves

317 3519 519 3584 intolerabili
536 3519 684 3611 pondere
703 3517 893 3582 incumbunt
912 3541 1044 3586 suorum
1063 3522 1266 3587 ordinibus.

159 3677 306 3742 mmm,
378 3649 508 3716 XLVll.
532 3650 648 3719 Omnia
667 3650 768 3715 statim
786 3653 923 3716 tumultu
946 3667 979 3716 et
995 3669 1126 3718 terrore
1149 3655 1327 3740 compleu-

78 3788 80 3796 ,
131 3751 283 3822 ragnsaga.
318 3747 393 3807 tur,
429 3733 511 3796 alios
539 3736 613 3798 aliis
636 3734 853 3798 turbantibus.
891 3758 997 3822 neque
1019 3738 1117 3822 fugae
1138 3739 1251 3803 locus
1274 3735 1329 3798 est:

312 3816 468 3878 conferta
487 3815 726 3917 constipataqne
744 3817 831 3880 scies
847 3841 865 3882 a
881 3821 993 3904 paucis
1008 3823 1141 3906 impune
1158 3819 1329 3906 caeduae

316 3897 455 3960 Multum
471 3898 519 3961 ibi
538 3903 704 3984 sanguinis
723 3899 899 3978 lutumst,
922 3905 997 3992 quia
1008 3904 1168 3970 Lucullus
1188 3901 1332 3990 spoliari

353 4092 426 4162 Cap.
443 4093 529 4148 XLV.
549 4087 684 4162 Erontiu.
699 4107 724 4162 t,
740 4113 765 4162 ι,
778 4098 820 4164 li·
838 4097 915 4153 Plat.
950 4097 991 4154 ea
1016 4101 1144 4156 .xtvt.
1165 4101 1336 4168 Memnon·

320 4157 446 4232 Appiam.
464 4162 598 4218 Frontin.
611 4177 636 4224 a,
647 4163 673 4228 τ’,
686 4164 713 4227 4·
732 4167 809 4222 Plut.
825 4167 888 4240 Apo
912 4165 973 4244 ltth.
988 4115 1074 4225 Rom.
1087 4169 1234 4243 Appian-
1256 4167 1334 4222 Plu·

319 4226 432 4290 Lucull.
451 4235 600 4294 lilerouou.
617 4235 745 4309 Appiae.
781 4185 979 4317 captiva.
997 4235 1075 4302 Plut.
1092 4239 1242 4322 Appiam·
