2666 4688
304 274 345 349 34
388 265 669 334 FREINSHEIIII
684 255 1098 344 SUPPLEMENTORUM
1113 253 1279 316 Ln.xt.1.
1319 309 1320 312 ,

140 483 173 539 U·
191 502 217 538 0·
231 483 293 550 ⁶⁶4·
307 489 433 566 Neque'
444 479 550 544 refert
565 476 624 537 has
643 468 808 534 interdum
823 469 932 529 Ponto
952 463 1124 527 vindicari.
1153 479 1228 522 nam
1247 479 1298 520 re·

139 553 226 611 h.-G;
240 551 285 615 ⁸⁰·
308 567 441 650 gionum
460 562 588 624 illarum
604 555 785 624 terminos,
816 571 881 610 non
904 548 1012 610 minus
1035 557 1132 629 atquc
1156 543 1301 628 gentium

306 651 395 731 jura,
427 639 627 706 Mithridatis
647 633 781 697 ambitio
802 631 963 704 turbarit,
990 627 1134 689 redactis
1152 628 1188 686 in
1202 624 1300 686 ditio-

305 751 384 792 nem
400 728 569 814 plerisque
587 719 802 807 populorum,
825 733 908 798 quos
925 709 1159 774 enarravimus.
1306 703 1317 716 “

169 873 296 934 Ponticae
370 863 487 926 XXIX.
511 857 554 918 At
570 849 748 934 antiquitus
767 845 924 907 Ponticae
941 856 1057 927 gentes
1075 840 1170 902 suiIIe
1189 837 1303 900 riden-

61 1004 71 1036 Ι
136 962 237 1022 aaut·
273 969 276 974 ‘
308 965 365 1014 tur:
380 939 602 1020 Mariandyni,
635 929 842 1016 Mosynoeui,
875 932 1064 998 Caucones,
1096 922 1152 1006 qui
1170 921 1234 1004 jam
1252 941 1304 981 ae·

281 1043 374 1096 'tate
400 1015 675 1091 Strabonisnulli
701 1011 953 1096 supermanant,
987 1005 1164 1087 Chalybes,
1195 1005 1306 1088 quiet

310 1111 485 1181 Chaldaei,
514 1097 693 1164 Tibareni,
729 1099 902 1171 Macrones
934 1087 1157 1159 Euboicorum
1180 1085 1305 1148 credita

309 1194 450 1264 colonia.
491 1191 572 1252 Nam
587 1195 653 1244 tota
667 1177 722 1240 illa
736 1175 835 1238 Ponti
851 1195 919 1246 cra,
940 1173 1142 1234 Graecorum
1150 1168 1306 1253 frequen-

308 1295 374 1344 tata
397 1265 679 1356 navigationibus,
709 1259 866 1344 plurimas
885 1255 994 1338 gentis
1023 1253 1092 1334 ejus
1118 1251 1219 1312 urbes
1253 1251 1306 1312 lra-

308 1363 399 1434 buit,
422 1371 557 1442 quarum
573 1341 809 1412 celeberrimae
824 1339 918 1400 suere
937 1340 1124 1420 Trapezus,
1148 1347 1182 1394 et
1203 1335 1307 1394 Hera·

310 1445 392 1507 clea.
436 1433 589 1501 Annium
615 1425 828 1490 Ponticorum
850 1418 1064 1481 nobilissimus
1081 1414 1208 1487 Phabs,
1239 1436 1309 1476 curn

310 1526 394 1588 urbe
417 1515 611 1604 cognomine
631 1509 671 1570 ad
688 1505 811 1568 ostiumss
855 1502 986 1583 Pyxites
1003 1503 1247 1595 'I'rapeuuntem
1266 1499 1309 1558 al·

310 1610 383 1672 luit.
415 1603 536 1666 Ilumen
561 1591 725 1658 Jasonium
752 1586 939 1647 memoriam
963 1583 1101 1644 retinuit
1128 1581 1309 1662 antiquissi-

311 1709 383 1752 mae
413 1689 615 1750 Graecorum
638 1673 776 1733 heroum
812 1663 1043 1750 expeditionis.
1086 1661 1154 1724 Sed
1182 1675 1217 1724 et
1252 1662 1311 1725 alia

141 1773 413 1846 PontusEs.rnulta
441 1787 503 1855 per
526 1781 580 1824 eas
600 1753 755 1838 regiones
774 1751 807 1812 in
835 1751 974 1810 Pontum
996 1744 1158 1808 Euxinum
1180 1767 1311 1830 pernre-

125 1861 209 1914 arnus
245 1857 368 1918 ali-ant
400 1850 550 1918 flumina,
586 1853 672 1903 tanta
702 1833 834 1922 quidem
861 1831 895 1892 Vi
927 1849 1101 1912 equarum,
1138 1842 1172 1889 ut
1204 1843 1309 1900 terra,

125 1927 231 2000 4⁸⁶⁸&
248 1938 301 1977 m·
338 1958 410 1998 uam
427 1929 583 1994 continuo
604 1920 746 1983 inserant
763 1933 892 1988 amnes,
915 1911 1116 1997 implendum
1138 1909 1313 1995 aliquando

13 2041 15 2046 ’
95 2056 97 2060 ⁴
125 2015 160 2051 '⁶
187 1996 301 2068 ’.ΨΜ
315 2020 397 2084 illud
414 2033 503 2077 mare
522 2004 677 2090 Polybius
698 1995 921 2084 disputaverit.

81 2125 82 2128 Ἴ
125 2067 186 2122 ⁸⁸⁸·
356 2150 478 2214 XXX.
501 2132 592 2205 Haec
618 2137 721 2220 igitur
736 2151 839 2214 regna
862 2147 1052 2270 quamqpam
1071 2125 1145 2188 suos
1163 2143 1314 2209 quaeque

313 2255 413 2322 reges
439 2230 478 2293 ab
502 2219 727 2306 antiquissimis
751 2211 958 2297 temporibus
1000 2209 1176 2282 abuilscnt‚
1206 2221 1315 2268 manen

313 2330 454 2406 propter
469 2309 621 2374 viciniam
637 2303 796 2371 locorum,
821 2309 855 2358 et
870 2295 1000 2376 linguae
1016 2309 1208 2374 morumque
1227 2309 1315 2352 com·

314 2397 450 2464 merciis
468 2391 559 2456 varie
574 2386 693 2448 mixtos
710 2379 864 2466 populos,
889 2375 1044 2450 crebrae,
1067 2385 1104 2434 ut
1123 2370 1197 2444 lieri
1219 2384 1315 2440 amat,

276 2521 279 2531 -
315 2485 425 2552 rixae,
443 2473 570 2538 'deinde
592 2467 678 2530 bella
697 2463 898 2525 oriebantur.
941 2459 1002 2528 Et,
1024 2470 1060 2518 ut
1076 2455 1229 2538 graviora
1246 2453 1318 2515 sere

315 2561 465 2630 humanis
484 2551 642 2638 remediis
661 2547 743 2608 mala
761 2543 855 2618 suut,
888 2539 1050 2608 connubia
1069 2557 1202 2620 regum,
1235 2535 1320 2596 mix.

317 2663 436 2732 tueque
463 2637 628 2704 adfinitate
658 2627 786 2712 sanguis
820 2625 903 2690 adeo
932 2644 998 2684 non
1027 2619 1160 2682 liniebat
1182 2633 1320 2682 veteres

318 2720 574 2794 controversias,
621 2727 657 2777 ut
680 2733 747 2775 non
766 2710 829 2774 ulia
843 2705 1042 2772 foecundior
1063 2703 1158 2766 novis
1177 2701 1320 2788 gignen7

320 2815 372 2878 dis
396 2808 550 2874 materies
567 2799 657 2863 esset.

161 2907 237 3028 3¹3⁵
251 2903 306 3026 Μὲ·
385 2917 501 2979 XXXI.
523 2909 603 2974 Inde
620 2907 723 2970 auctis
745 2901 849 2974 odiis,
895 2915 971 2960 uum
990 2893 1088 2956 etiam
1102 2889 1238 2974 imperii
1256 2909 1320 2952 ama

65 3083 69 3090 Ι
143 2982 278 3116 ssffffin
320 2999 488 3092 plisicandi
509 2993 618 3057 insana
634 2989 747 3072 lubido
766 2919 990 3049 nfirhriitatem
1012 2973 1208 3046 stimularet,
1239 2975 1320 3034 tems

169 3105 171 3112 ⁴
251 3076 260 3097 ’
320 3105 439 3173 perure
461 3101 528 3142 non
548 3075 674 3162 potuit,
716 3071 795 3156 quin
819 3063 956 3128 subinde
987 3083 1027 3124 ex
1049 3054 1215 3119 occasione
1238 3053 1320 3117 tem-³

320 3188 440 3256 porum
461 3163 590 3225 vicinos
616 3153 793 3235 insellaret.
836 3153 879 3211 Et
898 3162 990 3209 antea
1016 3139 1149 3228 quidem
1166 3137 1320 3200 Nicoma«

320 3247 520 3315 demetiam
545 3240 865 3320 Ariobarzanemque
893 3229 1077 3316 expulerat:
1117 3235 1170 3294 et,
1211 3241 1320 3304 quam·

320 3355 416 3422 quam
437 3325 553 3392 reduci
578 3347 595 3386 a
618 3321 773 3384 Romanis
794 3317 936 3388 tutittet,
970 3326 1032 3373 tam
1059 3327 1131 3368 uam
1147 3301 1320 3370 imbecilli,

319 3433 419 3482 tatem
434 3411 491 3476 libi
509 3407 746 3493 exprobrantes
762 3397 972 3486 adspiciebat.
1016 3329 1067 3453 tili
1084 3385 1243 3458 vicillim,
1266 3385 1320 3445 salt

319 3524 362 3567 ro
379 3515 442 3563 tam
460 3505 594 3580 potente
616 3487 745 3560 vicino,
769 3482 988 3569 nequidquam
1006 3471 1144 3535 restituti
1163 3466 1320 3530 rideban.

319 3603 385 3650 tarr.
428 3584 471 3642 Et
491 3572 688 3640 accedebant
705 3589 723 3632 a
743 3565 898 3652 Romanis
919 3558 1058 3623 ducibus
1078 3551 1216 3624 stimuli,
1259 3551 1320 3635 qui

320 3664 516 3754 praedarum
541 3671 574 3720 et
591 3652 717 3738 gloriae
740 3671 823 3737 spe,
864 3645 988 3710 bellum
1012 3637 1243 3722 undecumque
1273 3653 1320 3694 cut

323 3750 458 3838 piabant
480 3741 692 3822 consurgere.
1319 3743 1320 3778 ,

141 3837 307 3964 '522⁸ss
384 3855 514 3918 XXXII.
538 3847 641 3930 Igitur
657 3862 790 3930 operam
807 3837 977 3910 dederant,
999 3843 1035 3896 ut
1051 3815 1125 3892 sum
1142 3817 1320 3892 minacibus

143 3974 296 4034 Mum-p„
324 3941 366 4004 ad
389 3932 612 4001 Mithridatem
639 3923 797 3987 mandatis
824 3933 954 3984 senatus
979 3915 1112 3980 numine
1131 3909 1233 3992 legati
1253 3911 1320 3974 mis

144 4059 208 4104 Μ·
327 4093 328 4103 ¹
360 4099 433 4168 cap.
450 4092 550 4148 xxix.
568 4086 711 4144 senonas.
728 4079 869 4158 npouon.
885 4077 988 4150 cotys.
1003 4082 1032 4150 4.
1049 4047 1092 4150 no.
1131 4058 1320 4148 capturum

326 4167 456 4242 Appiae.
475 4153 607 4217 blithrid.

1102 4246 1121 4282 μ
1195 4247 1200 4268 .
