2666 4688
191 243 500 312 innocensus.
520 243 693 312 nxxvrn.
716 229 835 312 navit:
960 265 1000 328 ,ι

55 457 152 526 arinis,
176 467 299 540 paratas
347 475 365 517 e
390 453 431 516 ad
449 453 649 530 audendum,
680 455 709 518 si
732 473 794 542 qua
818 453 948 532 occasio
965 471 1002 517 se
1031 445 1175 516 U·t·⁶⁶i·

54 538 171 611 dedill'et,
190 559 286 600 naves
335 537 483 600 abebant.
1032 518 1112 574 M).
1126 517 1171 580 88.

96 645 151 704 XX.
171 645 267 706 Forte
284 644 318 706 in
336 643 516 708 onerariam
533 662 574 706 ex
592 639 705 726 regiis,
727 657 859 728 praeter
874 657 1005 730 portum
1034 656 1103 710 Atta
1115 673 1166 730 pa.

54 727 103 788 cela
122 725 301 800 facientem,
328 726 454 788 Rhodia
481 725 626 788 dicrotos
656 723 782 788 inrecta
810 727 926 788 suerat.
968 725 1087 796 absus·

53 808 208 880 hesichio,
242 829 341 893 quum
361 809 525 892 utrimque
542 805 582 868 ad
602 825 734 868 suorum
749 807 903 870 auxilium
925 809 1007 869 mul-

56 903 89 950 ue
104 911 188 953 mres
207 890 472 974 adremigaffent,
507 890 542 952 in
562 907 638 950 acre
660 903 823 952 certamen
841 891 1007 952 contentio

56 972 151 1032 evaluit.
190 972 254 1034 Diu
275 987 307 1034 at
331 993 371 1035 ue
393 971 607 1036 vehementer
626 985 676 1034 est
694 985 887 1058 pugnatum,
954 993 1007 1034 um

55 1053 231 1115 dil'millimis
246 1073 306 1116 can
333 1075 361 1116 rs
379 1075 438 1140 par
453 1065 665 1136 utrorumque
679 1055 782 1116 robur
798 1055 885 1118 ellat.
947 1053 1007 1116 ho-

55 1133 97 1194 diis
117 1155 162 1196 ars
179 1135 449 1218 gubernatorum,
480 1135 562 1198 ordo
591 1135 738 1209 narium,
769 1137 888 1222 peritia
907 1136 1006 1198 romi-

54 1237 105 1297 gun
122 1215 239 1279 aderat:
262 1217 504 1302 praefectorum
526 1237 590 1304 quo
614 1237 656 1280 ue
676 1219 869 1282 dexteritate
894 1231 927 1280 et
950 1239 1006 1278 na-

54 1297 139 1358 talium
160 1299 320 1360 sociorum
339 1301 460 1362 virtute
480 1299 601 1386 praelia
626 1313 689 1362 ant.
731 1300 882 1374 Pontici,
911 1299 1008 1360 mari·

53 1379 166 1440 tiniarum
183 1401 293 1442 rerum
314 1381 431 1456 rudes,
468 1403 533 1444 non
555 1381 662 1444 minus
682 1383 769 1444 inter
788 1399 881 1454 sese,
915 1401 1009 1466 quam

53 1459 235 1536 abbollibus,
272 1463 501 1526 turbabantur:
532 1465 577 1526 ita
604 1463 735 1562 quidem
764 1461 944 1548 flagitiose,
975 1475 1011 1524 ut

53 1541 107 1603 Chia
122 1545 220 1618 uaris,
245 1565 328 1629 quae
350 1545 532 1608 Mithridati
550 1545 726 1620 militabat,
748 1545 782 1608 in
824 1547 1009 1616 rectoriam,

53 1645 160 1704 quares
178 1627 247 1710 ipae
269 1625 462 1700 vehebatur,
497 1629 602 1702 illisu,
626 1649 741 1714 magno
772 1567 859 1690 illlam
888 1629 1011 1714 impetu

52 1709 194 1770 toucull'am
213 1721 336 1770 tantum
358 1729 422 1772 non
443 1709 656 1795 deprimeret.

93 1815 163 1878 XXI.
183 1815 311 1878 Animis
337 1831 443 1880 tamen
465 1816 643 1902 aequabunt
668 1813 808 1890 holtem,
845 1811 931 1899 quod
950 1809 1010 1874 sub
1042 1795 1162 1860 diff*
1195 1867 1211 1902 Ι

54 1895 128 1958 oculis
144 1897 338 1962 Mithridatis
358 1899 576 1986 pugnabatur3
607 1899 661 1962 cui
680 1897 779 1960 iidem
801 1919 888 1962 suam
907 1897 1009 1960 virtu·
1023 1877 1143 1930 mm·
1242 1897 1247 1938 ¹

54 1989 151 2061 temque
174 1981 355 2064 approbare
382 1981 567 2066 cupiebant.
619 1981 671 2042 Ad
706 1981 770 2042 hoe
802 1975 1010 2042 multitudine

54 2061 147 2120 narium
171 2063 360 2145 superiores
384 2061 586 2126 circumdare
608 2061 734 2137 helles,
767 2061 852 2126 etin
868 2047 1010 2122 medium

53 2157 169 2225 acceptos
190 2145 334 2228 undique
355 2143 697 2230 urgeremitebantur.
741 2144 807 2206 Sed
825 2143 857 2204 id
879 2143 1010 2226 pericu·

54 2221 99 2282 lun
115 2225 224 2288 Rhodii
251 2226 382 2302 eadem,
411 2251 473 2314 qua
488 2226 600 2314 prius,
633 2241 702 2288 arte
725 2225 889 2290 vitarunt:
912 2223 1011 2286 trire-

53 2325 170 2392 nenque
193 2305 289 2390 natam
315 2332 386 2374 cum
419 2309 501 2398 ipsis
519 2307 600 2371 viris
629 2323 752 2394 captam
777 2307 923 2372 remulco
945 2319 1012 2366 tra·
1096 2377 1103 2393 ,

53 2383 153 2461 lentes,
189 2391 301 2452 multis
338 2391 543 2456 armamentis
577 2405 672 2476 atque
701 2391 816 2475 spoliis
846 2383 947 2450 onussi
977 2385 1013 2448 in

54 2483 150 2550 portum
168 2471 349 2538 redierunt.
391 2477 433 2538 At
450 2469 638 2558 postquam,
661 2473 836 2536 recensitis
854 2469 1011 2540 naribus,

54 2553 129 2613 deffe
151 2555 418 2639 quinqueremem
443 2554 576 2624 videre,
605 2555 712 2640 ignari
733 2559 772 2616 ab
797 2549 941 2616 hostibus
963 2571 1015 2612 ca·

54 2645 132 2714 ptam,
164 2637 344 2722 quaesitum
374 2660 444 2700 eam
467 2637 653 2700 velociores
680 2635 801 2698 ceteris
831 2653 930 2696 naves
959 2651 1016 2694 sex

55 2715 81 2774 dc
95 2721 167 2782 omni
184 2740 321 2782 numero
339 2723 507 2804 longarum
530 2719 698 2781 omittunt:
729 2719 763 2778 in
781 2715 834 2778 his
855 2717 1016 2796 Dumago-

56 2813 180 2874 raserat,
204 2801 311 2864 claffis
326 2803 474 2864 Rhodiae
491 2801 690 2886 praelectus.
732 2797 881 2864 viciffim
898 2818 916 2856 a
935 2814 1016 2877 rege

55 2899 125 2942 nares
152 2883 294 2967 quinque
320 2899 353 2948 et
376 2883 493 2968 viginti
521 2901 697 2946 occurrere
724 2881 894 2962 jubentur:
936 2897 1015 2960 quas

55 2959 215 3045 llamagoras
255 2988 353 3050 quum
382 2969 422 3030 ad
451 2963 531 3028 solis
559 2985 708 3026 occasum
735 2981 838 3046 usque
867 2957 1015 3022 cedendo

56 3041 174 3120 statuet,
208 3047 441 3112 recedentibus
468 3045 616 3108 invectus
639 3045 718 3108 duas
738 3042 911 3128 deprcllit:
940 3041 1016 3102 toti·

57 3123 105 3184 dem
120 3129 157 3188 ad
173 3129 373 3214 importuosa
389 3129 505 3212 Lyciae
524 3129 620 3190 litora
638 3149 707 3192 com
733 3126 810 3186 ulit:
843 3137 896 3196 et,
928 3121 1016 3184 inter

57 3203 111 3270 haee
128 3227 219 3276 noete
250 3228 459 3300 consumpta,
501 3207 656 3298 postridie
735 3207 832 3270 odum
859 3223 1015 3268 reversus

56 3303 94 3352 ttl.

97 3373 181 3437 xxn.
211 3375 438 3450 Mithridates,
506 3397 581 3440 uum
608 3387 698 3438 tanto
721 3367 931 3458 paucioribus
958 3387 1017 3462 pqr
1049 3353 1199 3475 Ml'l'i‘l'·

57 3453 99 3546 elle
116 3477 172 3516 non
187 3459 359 3541 potuilIet,
391 3461 425 3520 in
444 3459 544 3524 Chaos
566 3455 683 3522 alludit
703 3454 801 3526 iram,
825 3451 951 3548 totique
970 3470 1016 3510 cr·
1030 3427 1196 3557 wlff?

57 3539 122 3598 mati
146 3539 305 3614 minatus,
336 3541 586 3625 gubernatorem
614 3537 726 3608 naris,
759 3555 840 3617 quae
870 3555 903 3594 m
929 3551 1103 3614 snamm,

57 3635 225 3696 accurrerat,
249 3644 324 3684 cum
343 3639 475 3710 proreta
498 3621 659 3710 supplicio
678 3617 808 3682 adfecit.
853 3615 919 3678 Sub
943 3633 1018 3676 eos·

59 3697 107 3758 len
132 3702 215 3773 dies,
259 3728 357 3790 quum
398 3706 533 3770 edessris
555 3705 718 3768 exereitus
743 3699 833 3783 regis
857 3695 1018 3760 onerariis

59 3795 78 3840 ct
95 3785 270 3850 triremibus
295 3730 528 3862 adreberetur,
563 3783 755 3872 repentinus
775 3781 870 3844 turho
894 3791 1020 3874 partem

59 3867 155 3928 narium
177 3871 210 3932 in
228 3869 396 3934 Rhodium
415 3868 497 3936 litus
524 3867 670 3960 impegit.
712 3861 855 3936 Rhodii,
879 3863 1020 3944 l¹¹¹P¹d¹⁸⁰
1115 3935 1120 3953 ,

59 3986 320 4008 *¹⁸*-

31 4057 32 4060 ’
81 4051 139 4134 Cep.
149 4057 210 4113 XX.
227 4057 320 4114 Diod.
336 4077 351 4114 a
374 4058 414 4114 ud
431 4059 531 4114 vales.
547 4055 675 4131 Appien.
709 4053 782 4128 Cap.
800 4044 1018 4112 cruciator.

62 4113 154 4194 lPPuu.
187 4128 264 4203 cap.
389 4130 455 4190 Val.
473 4131 551 4188 Max.
569 4131 596 4190 5.
616 4147 644 4190 s.
660 4141 690 4184 a.
704 4131 764 4180 ext.

31 4133 33 4174 ι

31 4181 33 4252 l

31 4291 33 4332 t
