2654 4690
180 280 187 301 .
213 257 224 312 ι
254 239 320 307 ...tn
330 232 491 306 'LOGUH
511 237 600 310 ῐιΙΒν
614 239 817 314 Χο.·,ΙιΝΠ.
989 261 1050 327 o7q

58 369 583 406 -...-.-...Ἷ....

54 439 295 524 impedimentis
314 445 451 520 amima,
474 445 509 514 in
521 445 684 532 oppidum
701 447 840 514 Ilerdam
856 469 943 536 pene
959 453 1049 530 tolua
1079 455 1151 532 lte.
1163 459 1224 526 675.

53 523 258 609 confugeret,
609 544 612 552 ’
1079 528 1214 597 A.C.77.

111 633 218 696 XIX.
237 633 330 695 Unde
344 632 470 703 viribus
488 646 522 696 et
539 633 623 695 saum
639 633 671 696 in
689 634 761 698 diet
777 637 953 720 augescens
970 641 1048 702 Ser·
1082 647 1221 703 Sertorius

50 713 166 787 toriua,
189 729 226 807 ut
240 715 413 778 concilium
429 729 462 778 et
476 715 576 778 decue
591 717 738 800 partibus
751 717 898 791 adderet,
922 717 1111 784 senno-fill
1118 730 1238 798 sanarum

49 815 110 938 {qq
123 815 163 940 etr
180 797 379 940 pqqscrtiptie
395 796 510 860 eodem
527 797 661 896 nomine
681 799 820 944 lopoqne
839 802 924 900 apud
942 787 1206 949 effla-’‘'sflmlb

111 899 130 938 a
153 899 208 940 :a
246 899 329 943 ecit
353 899 754 943 uaeramroorumeoo
788 903 808 944 e
849 905 964 946 mmon

48 976 83 1022 ut
96 975 323 1024 trecentorum
330 903 496 1024 ‘'dtumcrua
511 961 627 1034 fleret,
656 962 742 1026 huno
760 905 888 1026 Seniue
903 929 1048 1052 appella:

48 1041 117 1105 bat:
145 1045 188 1106 ad
215 1063 290 1106 eum
315 1044 464 1106 ordinem
492 1043 533 1106 de
561 1043 659 1118 reb'm
686 1045 835 1108 omnibus
861 1048 1047 1114 rescrebat:

47 1123 122 1190 binc
143 1125 333 1211 quaestores
352 1127 517 1210 legatique
540 1147 634 1212 quam
653 1127 801 1212 proxime
820 1129 959 1210 patrium
980 1153 1049 1194 mo.

47 1227 112 1268 rem
132 1209 339 1272 creabantur.
381 1215 460 1274 Nam
478 1209 646 1288 Sertoriut
669 1229 707 1271 ea
727 1211 887 1290 modestia
900 1225 934 1276 et
951 1214 1050 1282 animi

46 1291 271 1373 magnitudine
294 1293 443 1375 agebat„
460 1305 515 1362 ut,
549 1305 740 1376 quamquam
759 1293 977 1378 Hispanorum
998 1317 1051 1356 er.-

46 1371 123 1446 mia,
152 1374 391 1458 pecuniisque,
422 1387 455 1435 et
473 1373 631 1446 urbibus,
661 1393 698 1434 ae
720 1375 914 1458 corporibua
936 1391 1051 1438 utere·

46 1466 110 1524 tur,
140 1456 234 1517 nulla
255 1469 361 1518 tamen
384 1477 422 1518 re
441 1455 527 1518 laedi
550 1451 763 1520 obliterarive
783 1457 921 1518 Romani
943 1459 1049 1522 nomi-

44 1537 92 1596 nia
111 1537 310 1621 dignitatem
331 1539 466 1600 cineret.
561 1565 563 1572 ·

101 1645 222 1708 xxm.
249 1641 356 1740 Quum
369 1643 449 1706 baec
464 1641 657 1728 agebantur,
678 1643 718 1706 P.
732 1643 895 1707 Servilius
909 1665 982 1708 cum
992 1647 1047 1710 Ci-
1077 1661 1197 1716 parum

44 1723 157 1788 licibua
177 1725 339 1823 prospere
358 1725 399 1788 ad
420 1745 594 1800 summum,
619 1723 677 1813 aed
696 1745 761 1788 non
782 1727 853 1802 aine
869 1748 986 1810 magno
999 1729 1045 1789 la.-
1059 1731 1223 1806 tetttetgo.

43 1805 119 1870 bore
137 1829 178 1871 ac
199 1809 371 1894 periculo,
400 1805 583 1872 dimicabat.
623 1807 839 1870 Mithridatici
855 1809 935 1872 belli
952 1830 1045 1872 occa-
1146 1863 1151 1874 .

44 1888 130 1951 aione
144 1893 295 1976 piratae,
318 1889 407 1976 quod
421 1891 509 1952 inter
528 1889 655 1952 Cretam
672 1889 877 1974 Cyrenaaque
892 1905 925 1954 et
936 1891 1041 1954 Acha-

41 1969 96 2050 jem
113 1973 293 2060 sinumque
306 1973 446 2034 Maleum
462 1969 518 2046 est,
529 1969 629 2036 ¹enare
647 1971 732 2068 (ipsi
752 1993 769 2034 a
781 1975 981 2114 praedarum
1004 1997 1041 2036 u·

41 2051 165 2118 bertatc
192 2075 307 2115 aureum
330 2049 510 2134 vocabant)
535 2051 719 2116 latrocimis
745 2053 778 2116 in
796 2053 893 2116 ellum
919 2055 1041 2118 babere

41 2151 238 2220 coeperant,
268 2135 395 2199 isidoro
417 2135 511 2198 duce.
553 2133 712 2208 ¹Deinde,
741 2136 815 2220 quia
834 2137 1041 2202 Mithridates

41 2219 148 2282 Asiam
167 2241 235 2304 pro
254 2219 358 2282 aliena
376 2217 588 2304 negligebat,
613 2217 893 2282 Sullam'urbanae
914 2241 969 2282 rea
987 2241 1042 2285 re.

39 2299 200 2363 vocabant
223 2301 257 2362 in
274 2300 415 2375 ltaliam,
442 2298 633 2386 impunitate
651 2299 763 2396 plures
784 2299 959 2376 invitante,
981 2323 1042 2368 nu·

38 2401 125 2444 mero
153 2383 350 2468 viribusque
373 2382 490 2456 aucti,¹
509 2381 633 2464 magnit
654 2401 716 2464 Jatn
735 2381 885 2446 clallibut
908 2384 1042 2448 oberra-

37 2461 128 2527 bant:
150 2465 304 2550 adeoque
321 2465 468 2549 placebat
484 2464 567 2550 ipaia
584 2461 649 2525 hoo
665 2463 751 2526 vitae
766 2483 888 2546 genua,
909 2479 956 2538 ut,
976 2465 1043 2528 hoc

38 2562 202 2630 perpetuo
219 2567 377 2610 exercete
394 2543 495 2618 certi,
530 2545 563 2606 in
608 2544 751 2606 eamdam
773 2547 864 2608 velut
882 2545 1043 2635 reipubli-

39 2649 87 2690 cae
108 2629 254 2690 formam
273 2637 412 2692 coirent.
454 2565 676 2710 {giruntiicet
715 2627 803 2688 ellim
817 2627 976 2690 baberent
991 2647 1043 2688 ca.

39 2707 139 2785 stella,
171 2733 287 2787 arces,
316 2709 434 2771 insulas
454 2707 614 2786 desertae,
640 2729 677 2769 ae
701 2729 751 2768 em
768 2713 876 2769 temeri
896 2707 1045 2770 sortuna·

40 2813 103 2854 rum
121 2793 272 2854 omnium
291 2793 458 2864 Ciliciam,
480 2809 562 2874 quae
582 2803 718 2852 vocatur
734 2793 861 2874 Aspera
871 2807 882 2862 ,·
902 2810 1044 2852 consen.

40 2895 71 2934 su
91 2877 269 2960 legerunt,
299 2871 548 2960 importuosum,
582 2885 614 2934 et
632 2871 791 2934 altissimis
810 2871 948 2956 rupibus
966 2871 1044 2934 hor.
1104 2937 1111 2954 ⁸

39 2972 175 3019 rentem.
221 2957 314 3018 Unde
338 2955 554 3018 communiter
577 2955 616 3014 ab
641 2953 791 3016 omnibus
814 2957 912 3015 (ilices
933 2953 1046 3020 vocari
1077 2933 1249 3025 f'ff‘mu',

38 3055 240 3136 coeperunt:
263 3039 408 3124 quamvis
428 3035 505 3100 esset
522 3035 618 3096 mixta
639 3035 799 3098 variarum
816 3035 962 3119 gentium
978 3037 1046 3098 col·
1060 3007 1245 3130 fp'h‘mm‘·

38 3119 159 3194 lurtea,
187 3121 281 3202 Syri,
306 3119 436 3204 Cyprii,
459 3120 536 3180 Pam
562 3117 653 3199 hylii,
677 3129 709 3182 et
728 3117 858 3202 quidam
876 3119 1046 3191 exPonto,
1086 3111 1095 3132 ⁸

37 3221 69 3263 ac
84 3199 332 3290 propemodum
350 3199 501 3264 omnibus
519 3139 669 3262 (friends
690 3199 813 3282 regnis.
836 3199 929 3261 multi
949 3199 1047 3272 enim,

36 3283 198 3348 bellorum
221 3283 436 3346 diuturnitate
454 3281 662 3366 patrimoniis
683 3281 791 3354 exuti,
817 3303 916 3366 quum
936 3283 1048 3347 lacere

37 3365 166 3452 indigna
190 3381 224 3429 ct
239 3366 370 3450 gravia,
394 3385 488 3451 qoam
507 3362 594 3448 pati,
618 3364 767 3435 mallent,
790 3383 890 3426 navet
909 3385 973 3456 pro
992 3383 1050 3424 na·

35 3451 83 3513 tali
107 3449 186 3512 solo
204 3449 247 3512 ad
265 3445 445 3510 ducendam
462 3445 560 3508 vitam
584 3443 786 3530 delegerant.

87 3559 230 3622 xxxtt.
253 3555 316 3636 Hic
335 3575 448 3632 ompes
466 3551 540 3616 sere
556 3549 690 3614 Ciliciae
699 3549 827 3636 Pamph
848 3549 978 3635 liaeque
993 3571 1049 3612 ur·-

35 3639 85 3703 hes
107 3641 270 3726 patebant
283 3635 469 3699 'dulcedine
483 3633 587 3704 lucri,
619 3631 727 3694 lorum
745 3573 886 3718 praedae
904 3631 1050 3698 venden-

37 3723 108 3794 dae,
136 3723 350 3804 naribuaque
373 3739 488 3780 eorum
512 3714 678 3778 stationem
699 3713 908 3798 praebentes.
952 3711 1049 3776 Side·

37 3819 78 3868 tae
98 3805 250 3892 quiderm
266 3821 368 3866 navet
387 3800 484 3865 etiam
501 3798 544 3868 iia
562 3795 785 3877 fabricabant,
818 3809 851 3860 et
873 3809 985 3883 captae
1008 3793 1047 3855 ab

64 3995 135 4070 Cap.
146 3985 257 4050 xm.
278 3987 405 4044 decade
418 3987 453 4040 ll.
463 3985 540 4042 Gall.
551 3985 579 4053 3,
591 3999 636 4040 to.
657 3983 745 4040 Oroa.
775 3982 851 4066 Cap.
865 3981 954 4061 xxx,
971 3979 1049 4060 Plot.
1091 4010 1093 4014 .

38 4063 155 4138 Appiae.
184 4063 267 4120 etut.
311 4058 385 4132 Gap.
404 4055 504 4119 xxxt.
531 4053 613 4110 Flor.
639 4053 676 4122 d,
699 4051 727 4107 6.
757 4051 885 4128 Appiae.
913 4047 1047 4108 Mttbrtd.

39 4133 101 4210 Cap.
116 4134 240 4193 xxxu.
261 4127 386 4197 Strabo,
403 4127 424 4182 l.
442 4145 484 4194 aq.
502 4121 725 4204 potantur.
