2734 4688
266 299 310 364 IN
331 299 485 366 Locum
506 299 588 366 [ΑΒ.
608 297 753 370 Xcvttt.
776 299 893 370 btvtt.
1018 311 1080 384 ltrq
1130 369 1134 384 ¹
1163 313 1168 334 ¹

69 499 360 591 rant‚'libertate‚
385 505 493 575 denuo
516 507 629 576 eduxit
649 513 779 600 copiae,
810 529 981 602 totumque
1005 520 1079 581 fere
1108 511 1252 571 Πιῡιὸθῑ

70 600 160 662 diem
179 595 281 659 dubio
294 597 571 660 Marte-certavit:
594 596 700 660 donec
715 599 815 670 nervi,
839 597 880 660 ed
895 603 986 684 regia
1003 621 1079 686 par·
1108 587 1145 641 Α·
1157 585 1191 642 ⁰·
1204 586 1249 642 ⁰⁸·
1296 617 1302 630 ¹

69 695 140 756 tea,
175 677 232 766 q'ui
254 686 287 740 et
306 677 380 760 ipse
398 675 613 776 promittebat
630 679 836 754 libertatem,
866 685 1078 760 transeundo,

70 779 253 826 extremum
277 760 312 820 in
332 761 518 843 periculum
543 759 748 824 adduxerunt
768 785 849 826 rem.
884 764 1080 850 deletaeque

67 850 238 910 Romanae
257 841 373 925 copiae
392 841 523 920 forent,
552 841 619 906 nial
635 845 863 920 Mithridates,
894 847 969 910 dum
993 850 1081 912 inter

69 930 198 1014 primos
214 934 356 1024 pugnat,
386 925 467 990 licet
487 927 740 1010 septuagenario
758 928 882 1007 major,
913 931 1023 1025 lapide
1044 931 1079 994 in

70 1031 176 1096 genu,
201 1031 235 1074 aa
260 1021 318 1072 uta
335 1005 395 1070 aab
412 1011 507 1073 oculo
526 1011 675 1083 aauciua,
698 1029 808 1072 curam
825 1013 892 1074 suia
908 1013 1079 1093 inpecill'et.

68 1093 222 1166 Idcirco,
278 1089 305 1151 ia
328 1090 416 1154 inter
436 1087 692 1178 trepidationem
709 1093 923 1166 tetrantibus,
957 1095 1079 1159 Fabiua

69 1195 144 1238 curn
163 1173 302 1259 reliquis
319 1173 459 1236 militum
477 1175 600 1249 evasit,
622 1191 731 1259 neque
751 1177 844 1260 prius
865 1175 964 1239 desiit
981 1177 1017 1238 iu
1042 1199 1078 1240 e·

68 1277 128 1334 rc,
154 1275 249 1343 quam
265 1256 463 1318 munimenta
483 1257 675 1322 Cabirorum
695 1257 860 1340 attigitret.
903 1199 1077 1337 Mithrida·
1101 1245 1108 1268 ³

67 1353 141 1414 tes,
173 1339 215 1402 ob
242 1357 298 1400 aua
319 1357 518 1424 suorumque
540 1339 676 1403 vulnere
695 1337 807 1405 multia
828 1337 945 1410 diebus
964 1341 1077 1439 quiete
1177 1365 1181 1370 ·
1257 1325 1262 1348 ⁸

66 1418 282 1496 transmissis,
306 1415 411 1486 donec
428 1421 466 1483 ab
479 1423 607 1506 rigaris,
632 1419 782 1506 Scythica
797 1435 907 1508 gente,
931 1445 988 1508 qur
1005 1442 1077 1488 aar·

67 1519 205 1590 pentum
222 1503 313 1567 airus
332 1503 492 1568 curatiqni
512 1505 680 1567 vulnerum
696 1501 861 1580 adhibent,
885 1505 1077 1588 persanare·

67 1599 135 1662 tur,
160 1585 297 1674 adducto
309 1585 356 1648 ad
367 1587 483 1648 Cabiro
499 1587 657 1662 exercitu,
680 1587 725 1650 M.
736 1587 871 1650 Fabium
891 1587 1004 1674 coepit
1017 1589 1076 1651 ob·

68 1671 194 1732 sidere.
239 1669 305 1739 Sed
327 1663 614 1753 illumimprovisa
634 1687 708 1732 sore
727 1669 772 1732 ita
791 1669 951 1744 serravit,
975 1683 1011 1734 ut
1025 1669 1076 1736 vi·

69 1753 174 1815 cill'rm
202 1747 349 1835 depulsio
378 1749 419 1814 ab
445 1747 509 1814 boc
534 1747 769 1817 calamitatibus
794 1750 980 1838 implicaret
1005 1770 1077 1818 aer·

67 1849 228 1900 valoreme

130 1913 339 1982 LXXXVIII.
362 1913 398 1980 C.
411 1911 562 1980 'triarius
577 1933 618 1980 ex
629 1909 718 1992 Asia,
734 1907 899 2004 postquam
913 1913 1074 2004 direptam
1100 1914 1132 2002 ς’·
1145 1913 1272 2004 Iriartut

66 1993 107 2062 ab
120 1995 338 2062 Athenodoro
348 1999 457 2062 Delon
471 2021 565 2082 murq
580 2000 737 2074 cinxerat,
760 2001 800 2062 ad
811 2003 981 2066 Lucullum
996 2023 1074 2086 pro·
1088 1989 1274 2044 mmmm·

66 2079 289 2144 liciacebatur.
327 2082 377 2155 It,
399 2083 529 2156 audito,
552 2079 688 2146 Fabium
706 2081 873 2158 obsideri,
897 2060 1282 2148 contractis⁶¹⁰”'¹¹⁶''”‘

66 2163 234 2248 undique,
258 2179 392 2249 quantae
408 2175 578 2248 potuerat,
603 2181 642 2227 co
667 2163 728 2240 iis,
753 2165 883 2228 adeum
900 2161 1075 2230 obsidione

64 2245 276 2308 liberandum
292 2264 485 2332 properans,
507 2245 628 2310 terruit
637 2188 873 2323 dlitbridntem,
896 2261 942 2322 ut,
964 2249 1074 2334 prius-

65 2347 165 2412 quam
187 2327 377 2392 nenirat·in
399 2329 607 2414 conspectum
644 2327 757 2410 julium
780 2331 868 2394 enim
894 2331 1075 2396 exercitum

62 2413 250 2555 pomarum
283 2410 399 2474 adduci
428 2411 585 2498 putabat)
618 2411 729 2476 cmilla
759 2413 934 2478 obsidione
966 2415 1075 2476 disce·

87 2503 176 2557 eret.
1088 2528 1093 2544 ·
1194 2509 1196 2516 ’

126 2573 307 2640 LXXXIX.
339 2575 455 2661 Neque
482 2569 575 2660 pallo
599 2583 772 2640 contentus
795 2593 877 2661 rege
899 2569 1072 2647 Triarius,
1103 2563 1265 2650 EIMltIrl·

62 2659 280 2723 recedentem
300 2660 431 2744 longius
451 2661 486 2722 in
506 2661 740 2743 Commagenes
764 2679 871 2744 usque
893 2658 1073 2742 persequar·
1085 2639 1175 2722 dim*
1192 2643 1252 2694 “m

61 2753 137 2816 tua,
161 2744 235 2805 acie
255 2743 347 2806 vicit.
390 2741 498 2837 Quum
520 2742 617 2818 enim,
643 2753 680 2804 ut
699 2739 790 2804 fellis
814 2763 853 2802 ex
871 2739 994 2803 itinere
1012 2739 1073 2802 ho·
1086 2709 1182 2764 Μὴ·

63 2823 167 2889 llibua
187 2837 398 2898 occurreret,
422 2821 573 2897 flumine,
598 2823 685 2909 quod
705 2824 738 2884 in
755 2823 865 2884 medic
889 2835 974 2896 erat,
999 2839 1072 2884 curu
1262 2827 1267 2838 '

61 2919 160 2990 parte
178 2907 349 2992 copiarum
367 2907 527 2978 transito,
552 2908 692 2980 ceteris,
723 2919 758 2967 ut
781 2924 844 2990 per
867 2903 965 2967 alium
988 2921 1072 2988 pona
1148 2904 1149 2912 ’

60 3003 131 3052 tem
151 2987 303 3054 subsidio
325 2987 389 3051 aibi
409 2991 580 3063 venirent,
607 2985 817 3052 Mithridates
835 2985 1071 3071 praecepillet3
1129 2991 1137 3006 '

58 3091 174 3157 pugna
196 3071 360 3135 commiffa
380 3069 549 3156 dubioque
566 3083 686 3134 eventu
702 3075 822 3144 tracta,
851 3083 1073 3153 exspectatum
1095 3111 1103 3124 =

58 3155 139 3238 regi
158 3153 342 3218 subsidium
356 3153 513 3238 procella,
559 3153 756 3216 uantamvix
770 3146 885 3216 vidille
901 3153 1073 3235 quisquam

58 3239 279 3310 meminerat,
311 3236 500 3318 intercepit.
573 3257 610 3300 er
631 3229 713 3298 banc
735 3235 770 3296 in
790 3233 939 3317 utrisque
958 3233 1070 3296 castris

58 3319 203 3399 disjecta
231 3329 304 3380 aunt
330 3321 490 3390 tentoria,
522 3317 663 3398 jumenta
683 3317 717 3378 in
737 3317 957 3378 transversum
980 3330 1068 3388 acta,

55 3401 206 3464 militurn
232 3401 329 3463 etiam
357 3400 487 3485 quidam
510 3399 596 3484 rapti
619 3399 901 3484 praecipitatique.
945 3397 1069 3460 Eadem
1104 3399 1210 3458 Gracia

53 3499 216 3568 pontem,
249 3481 309 3544 cub
331 3483 417 3544 mole
442 3485 641 3547 transeuntis
663 3473 827 3543 exercitus
845 3481 1066 3554 laborantem,
1080 3475 1230 3546 “Urbim

52 3567 213 3652 abrupit,
246 3565 504 3650 exterritumquc
525 3587 639 3650 regern
658 3563 819 3626 excedere
839 3563 968 3645 proelio
990 3567 1068 3626 cod·

51 3650 120 3732 git.
165 3647 233 3712 Sed
254 3647 366 3712 eadem
385 3645 574 3732 tempestae,
598 3667 679 3732 quae
703 3647 799 3728 fugae
821 3645 923 3706 ceolla
945 3645 1066 3719 iuerat,

10 3759 15 3772 ·
51 3725 243 3814 probibitio
262 3751 297 3802 aa
323 3728 357 3792 ui
370 3731 537 3805 Romanis,
557 3745 662 3794 tutum
680 3729 753 3812 regi
766 3727 885 3790 abitum
895 3725 1065 3810 praestitit.

51 3817 132 3878 Jam
151 3813 260 3878 hieme
282 3749 403 3875 aderat.
436 3813 556 3898 igitur,
578 3813 665 3876 nulla
682 3823 854 3896 praeterea
873 3829 909 3872 re
927 3823 1064 3884 tentata,

49 3895 90 3958 in
109 3897 252 3976 hiberna
273 3893 446 3958 discellum
464 3893 519 3960 eli.
1004 3903 1014 3930 ¹

298 4028 387 4042 *un-fla

48 4090 69 4112 '
93 4047 171 4164 Cap.¹
187 4065 361 4146 LXXXVII.
385 4083 454 4144 Dio.
481 4083 528 4162 lp
553 4085 705 4146 lambio.
730 4085 858 4163 Appiana.
875 4083 943 4143 Dio.
986 4081 1062 4158 Gap.

45 4157 244 4216 LXXXVIII.
274 4157 407 4234 Phlegon
425 4157 504 4232 apud
543 4161 604 4217 hot.
623 4159 693 4218 Dio.
737 4161 811 4232 Cap.
827 4157 975 4216 LXXXIX.
999 4157 1062 4230 ΚΡ·

46 4231 137 4306 praa.
155 4229 229 4286 oto.
764 4295 833 4403 nd
853 4321 873 4373 1
