2702 4694
282 285 344 354 70·
385 223 1280 338 mnsnjsumimmosmnnmxnt

112 475 157 550 U,
170 493 198 534 e·
208 493 271 547 τοι·
284 476 374 542 iliius
389 474 563 576 perfidiam
579 491 643 540 tum
659 479 783 542 atrocis
796 492 1000 566 paterentur.
1042 479 1110 544 Sed
1120 481 1299 556 Conium,

113 548 259 626 Μῖιῦῑ·
284 561 319 624 ἰιι
340 562 544 624 Brtmnuiem
567 559 771 645 fugientem,
808 563 1003 646 insequutus
1031 561 1297 648 deprehendere

282 663 350 706 non
368 656 539 728 potuerat,
561 644 698 727 egregio
716 645 858 708 hominis
875 643 941 708 ullu
957 645 1101 708 delusus.
1144 653 1226 714 Num
1243 651 1293 726 is,

307 745 400 802 uum,
432 725 473 788 sd
487 725 653 789 Oceanum
672 727 828 802 veniens,
860 741 991 791 ventum
1014 728 1148 812 quidem
1167 743 1293 794 seeun-

283 745 379 882 dum,
408 805 468 870 sed
489 805 609 870 sellum
627 809 839 872 recedentem
858 809 1047 884 inveniss'et,
1080 825 1113 876 et
1132 815 1166 874 in
1186 815 1290 876 siccis
1325 845 1326 922 q

283 889 450 955 aestuariis
464 910 563 952 navos
574 891 764 967 haererent,
787 891 1117 977 pandimihilominus
1132 896 1201 958 vela
1215 897 1289 976 jus-

284 976 339 1038 sit.
381 975 623 1058 ErgoCaesar,
664 983 743 1036 ‘uum
761 977 886 1038 eminus
905 975 1285 1042 tumentiarentoride-
1326 1012 1327 1026 ι

282 1071 356 1131 ret,
386 1057 449 1140 jem
465 1055 499 1116 in
515 1075 648 1121 cursus
676 1077 694 1119 e
711 1071 847 1142 putens,
876 1079 921 1120 ne
937 1055 1056 1120 irullru
1072 1059 1197 1144 periret
1215 1061 1290 1124 sibi

282 1153 431 1225 tempus,
454 1137 594 1202 recellit.

95 1255 315 1395 ,stur
331 1247 1298 1413 dissentientesstatuesteltus:

95 1410 196 1453 ''m''
221 1450 223 1460 ν
283 1431 346 1498 pet·
356 1415 575 1474 Romsnsrum
589 1412 729 1494 purtium
744 1412 861 1486 suerat,
885 1413 919 1474 in
933 1411 1056 1496 oppido
1068 1413 1217 1474 Limone
1235 1415 1298 1475 ob-

119 1493 149 1546 Ᾱ
160 1493 272 1550 ‘mlv
284 1495 463 1572 uidebatur.
515 1493 618 1576 igitur
635 1495 671 1556 C.
688 1495 841 1558 Caninius
858 1495 1015 1569 Rebilus,
1037 1493 1185 1566 duabus,
1239 1517 1297 1556 uas

94 1561 438 1649 ”stilus-habebat,
467 1575 655 1659 legionibus
680 1575 847 1650 adductis,
880 1599 979 1664 quum
1002 1575 1043 1638 ed
1067 1517 1297 1650 dimicandum

94 1632 242 1698 ''m'’
282 1659 369 1724 haud
388 1659 466 1721 setis
485 1657 594 1720 firmas
613 1659 726 1742 copies
741 1658 896 1732 haberet,
925 1660 1050 1721 munito
1069 1660 1146 1721 loco
1169 1679 1294 1722 consc-

283 1742 344 1810 dit.
398 1739 464 1802 Sed
486 1739 690 1816 Dumnacus,
721 1739 835 1802 cestris
875 1762 913 1804 cr
931 1741 1054 1826 aliquot
1075 1740 1151 1804 dies
1170 1739 1293 1802 frustra

198 1877 203 1888 ,
283 1823 491 1968 ορριιριιιιίι,
515 1843 613 1906 quum
626 1819 760 1884 redillot
772 1821 811 1884 ed
825 1765 1032 1886 odsidiouem
1042 1823 1193 1893 Limoni,
1222 1843 1293 1885 cer·

282 1907 351 1970 tior
383 1917 473 1968 actus
488 1903 530 1966 de
542 1904 686 1988 ‚adventu
701 1905 737 1965 C.
753 1905 847 1966 Fabii
864 1905 984 1990 legati,
1011 1923 1054 1966 us
1070 1903 1151 1968 hinc
1171 1905 1218 1967 ab
1241 1927 1293 1968 cx·

283 1989 444 2052 ercitibus
461 1987 635 2059 Romanis,
663 1985 742 2050 inde
762 1987 800 2048 ab
821 1987 957 2050 obsessis
974 1986 1214 2062 invaderetur,
1240 1989 1293 2049 Li·

133 2103 148 2126 a
308 2071 389 2134 et‘im
411 2067 515 2132 [latuit
536 2069 647 2154 copias
666 2070 891 2134 transducere.
934 2069 1000 2134 Sed
1016 2069 1079 2152 jum
1099 2073 1291 2154 pontem'C.

281 2091 406 2217 inbias
425 2163 660 2238 occupaverat3
683 2150 798 2236 itque,
821 2152 968 2236 equitatu
986 2153 1021 2213 in
1038 2152 1173 2214 nescios
1197 2168 1235 2216 et
1255 2175 1294 2216 ex

284 2235 406 2298 itincre
430 2233 528 2296 fellos
553 2233 710 2308 immillo,
742 2253 888 2318 magnam
904 2231 1041 2320 stragem
1058 2233 1181 2296 edidit.
1231 2239 1293 2298 Ce-

284 2315 416 2381 dentem
435 2315 555 2379 deiude
569 2319 769 2378 Dumnaeum
790 2317 985 2402 insequutus
1005 2316 1049 2379 its
1070 2313 1290 2401 profligarit,

282 2413 321 2462 ut
340 2401 510 2484 plusquam
524 2397 699 2461 duodecim
712 2397 880 2460 hominum
894 2399 997 2461 millis
1009 2398 1287 2477 conciderentur;

281 2483 488 2556 Dumnacus,
520 2481 675 2566 expulsus
696 2477 837 2554 linibus,
869 2479 1008 2543 dudstus
1030 2481 1205 2556 exercitu,
1235 2503 1284 2542 et·-

281 2585 379 2638 rans,
403 2565 614 2649 latitansque,
639 2563 679 2626 iu
701 2576 862 2626 extremas
878 2563 1056 2628 Galliarum
1073 2577 1190 2647 partes
1203 2585 1277 2648 pro·

281 2645 401 2732 fugere
422 2662 609 2732 cogeretur.

344 2753 416 2814 XX.
446 2753 498 2816 Ad
522 2753 669 2840 quinque
692 2751 797 2816 ferme
820 2751 989 2814 hominum
1010 2751 1116 2814 millia
1134 2747 1174 2812 ad
1193 2751 1281 2811 Drs-

282 2847 393 2918 petem
407 2835 572 2899 Senonum
589 2835 721 2919 exsuge
739 2848 979 2898 convenerunt:
1001 2853 1077 2895 cum
1093 2832 1210 2920 quibus
1226 2833 1282 2895 ille

309 2915 488 2979 rovineiem
513 2932 584 2981 erat
608 2917 791 3002 petiturus,
825 2916 997 2998 adsumpto
1022 2917 1123 2978 etiam
1146 2917 1282 2986 Laterio

206 3017 210 3024 ’
248 3031 250 3039 ·
283 2939 453 3074 incurso,
485 3021 627 3064 summae
647 2998 800 3061 sudsciae
818 2999 901 3062 niro.
945 2997 1053 3080 igitur
1067 2997 1207 3060 Romani
1224 2997 1282 3058 du·

283 3099 359 3154 ces,
382 3081 501 3146 divisis
516 3081 685 3168 pertibus,
709 3081 744 3142 C.
761 3069 916 3142 Caninius
933 3079 967 3140 in
981 3080 1193 3178 Provinciam
1209 3100 1283 3142 con·

283 3163 409 3240 tendit,
434 3165 536 3227 uthis
555 3175 763 3228 occurreret:
787 3165 822 3226 C.
839 3161 961 3224 Fabius
979 3183 1014 3223 ιιι
1029 3165 1194 3226 Carnutes
1209 3160 1281 3222 reli-

209 3303 211 3310 ,
283 3264 429 3328 quasque
457 3247 630 3322 civitates,
661 3265 744 3328 quse
771 3245 887 3306 auxilie
912 3245 1080 3306 Dumnaco
1107 3245 1285 3314 miserant,

284 3328 442 3412 impetum
462 3328 567 3391 fecit·
595 3330 705 3410 Atque
723 3327 818 3400 illae,
842 3325 968 3388 viribus
989 3327 1130 3398 scrisis,
1155 3341 1288 3389 terrore

284 3417 399 3482 sueto,
429 3409 513 3474 detis
534 3407 724 3484 obsidibus,
755 3409 913 3472 celeriter
940 3407 975 3470 in
999 3407 1208 3472 deditionem
1232 3429 1290 3472 se·

283 3506 416 3557 nerunt.

114 3613 273 3673 vuillelmi
346 3603 434 3664 XXI.
458 3600 501 3662 At
519 3601 647 3684 Drspes
668 3613 702 3662 et
716 3597 871 3674 Luterius
888 3593 1147 3673 Uxellodunum,
1173 3598 1210 3659 in
1230 3600 1290 3660 Ca-

95 3686 210 3745 usstass.
286 3681 398 3745 dunois
425 3680 668 3762 munitili‘tmum
695 3705 737 3767 op
763 3679 872 3752 idum,
905 3694 1114 3764 occuparant.
1157 3677 1288 3742 Eodem

286 3779 319 3828 et
334 3765 487 3828 Caninius
508 3783 582 3826 cunt
597 3763 723 3828 duubus
740 3705 930 3860 legionibus
948 3761 1123 3847 procedit,
1146 3763 1286 3833 sistque

174 3921 178 3930 ι
283 3846 350 3911 loci
367 3847 448 3922 situ,
472 3847 578 3909 tribus
599 3847 686 3908 circa
705 3841 815 3908 castris
832 3845 971 3929 positis,
992 3845 1161 3928 paullatim
1181 3843 1281 3905 muni-

284 3929 431 3994 tionibus
460 3929 613 3991 claudere
640 3929 797 4014 oppidum
821 3925 967 3990 inllituit.
1011 3929 1093 3988 Erat
1110 3929 1150 3989 in
1170 3923 1283 3988 animis

286 4013 431 4075 omnium
445 4029 562 4074 recens
574 4012 704 4074 Alesiae
720 4009 899 4074 calamitas:
921 4007 1077 4095 ideoque,
1099 4024 1138 4072 ut
1151 4012 1204 4078 rei¹
1214 4007 1287 4070 lru·

261 4221 265 4225 ·
321 4201 395 4277 Cep.
413 4199 521 4258 XVlll.
541 4199 677 4260 Frontis.
697 4199 789 4258 Strat.
804 4217 831 4272 s,
849 4199 890 4258 td·
926 4199 1003 4272 cap.
1016 4199 1094 4258 XIX.
1111 4196 1194 4254 usn.
