2750 4696
202 313 206 322 ·
326 273 387 358 ³78
420 269 1119 356 ruemsnesmsort’mtttenrottmr
1130 273 1322 362 tmmxtt.

172 485 316 546 Maedi.
389 458 520 544 xtt'vtt.
542 485 656 564 Neque
673 479 799 542 desidia
814 480 979 564 regiorum
995 494 1050 543 res
1069 483 1320 565 corrumpebat:

170 557 207 612 Α·
222 557 390 628 C·'7¹·sed
414 563 533 626 nimius
558 563 721 647 pugnandi
747 563 845 628 ardor
869 583 935 624 uon
958 563 1084 626 sinebat
1105 584 1122 624 a
1143 563 1212 624 suis
1232 564 1322 626 loeis
1369 599 1370 652 p

169 627 435 709 &intratam
458 645 657 708 discernere.
698 645 798 727 igitur
818 645 924 728 primo
945 645 1130 719 sornatius,
1160 664 1235 706 eum
1256 666 1324 706 una
1369 661 1370 684 ¹

137 709 461 831 ffifffwstegione
485 747 525 790 ex
542 725 741 824 Cappadocia
761 727 883 801 redux,
910 725 1110 809 praefectum
1135 727 1227 810 regis
1247 731 1324 790 Me-

142 798 258 888 mmss
271 777 304 834 ⁸!
329 808 503 884 nandrum,
527 809 690 872 alacritate
709 807 839 888 majori,
866 829 960 952 pram
974 808 1132 884 consilio,
1159 827 1325 894 congres-
1369 831 1370 882 ι

332 913 419 966 sum,
442 912 515 960 ,oum
529 911 642 976 magua
658 889 792 954 hodium
809 895 865 954 eae
889 889 959 952 ein
977 887 1084 974 fugam
1103 890 1182 974 egit.

73 1024 81 1066 ¹
162 1037 320 1095 mana..
392 1023 536 1088 xxvnt.
557 1021 678 1084 Fabius
696 1021 814 1106 deinde
831 1019 1009 1095 Adrianus,
1033 1043 1130 1106 quum
1146 1043 1187 1084 ex
1204 1020 1325 1084 eadem
1369 995 1370 1088 l

144 1107 317 1182 strtsugtm.
332 1103 535 1188 Cappadocia
561 1123 710 1188 magnum
738 1123 880 1166 annonae
909 1103 1038 1165 modum
1057 1103 1264 1176 adveheret,
1306 1125 1327 1164 a
1369 1101 1370 1164 l

224 1259 228 1267 r
297 1197 299 1204 “
331 1186 542 1258 Menemaeho
568 1200 601 1248 et
622 1191 775 1267 Myrone,
806 1204 888 1269 quos
912 1185 1040 1247 Taxilae
1063 1200 1096 1248 et
1114 1185 1325 1270 Diophantus
1369 1179 1370 1254 l

123 1289 127 1302 ·
242 1309 245 1320 =
290 1307 293 1312 ,
333 1289 406 1338 cum
427 1282 565 1350 quatuor
605 1266 726 1328 editum
742 1267 869 1329 duobus
888 1267 1192 1352 equitummiliibus
1212 1267 1325 1328 immi·
1369 1261 1370 1332 l

336 1363 466 1420 serunt,
499 1349 568 1410 lare
595 1363 658 1410 itus
684 1347 751 1410 est„
789 1351 831 1411 Et
858 1347 903 1421 si,
933 1347 1036 1410 donec
1063 1347 1097 1407 iu
1124 1368 1224 1432 aequa
1246 1349 1325 1412 loca
1369 1347 1370 1438 l

237 1477 239 1482 .
335 1428 521 1492 descensum
541 1431 633 1502 effet,
662 1431 847 1513 exspectare
866 1429 950 1512 regii
966 1429 1156 1513 potuiilent,
1176 1429 1325 1491 fortaiiis
1369 1441 1370 1520 l

334 1513 370 1573 in
389 1511 537 1599 periculo
559 1525 592 1573 et
610 1507 762 1574 cohortes
779 1513 958 1584 Romanae,
988 1523 1036 1585 et,
1067 1531 1159 1594 quam
1180 1509 1325 1571 adduco·
1369 1527 1370 1582 l

334 1593 422 1664 bant,
445 1613 570 1654 annona
587 1592 703 1654 fuerat.
733 1593 766 1653 in
785 1593 866 1676 ipsis
884 1591 986 1676 adhuc
1002 1591 1151 1688 angustiis
1168 1589 1329 1653 invaden-
1369 1587 1370 1656 l

334 1685 369 1735 te
387 1671 491 1746 hoste,
524 1689 556 1736 et
578 1695 669 1734 suum
688 1673 752 1735 sibi
773 1675 947 1758 equitatum
971 1671 1135 1738 efficiente
1160 1673 1325 1743 inutilem,
1369 1671 1370 1738 l

221 1745 228 1770 ¹
334 1752 419 1816 haud
440 1773 537 1838 aegre
556 1752 759 1828 restiterunt,
782 1755 885 1818 donec
906 1755 1057 1818 auxilium
1076 1756 1227 1818 Lucullus
1248 1753 1329 1816 sub·
1369 1753 1370 1810 ἰ

334 1837 490 1900 mitteret.
506 1857 508 1863 ·
534 1839 616 1898 Tum
632 1857 712 1900 vero
731 1833 832 1898 effusa
853 1835 1230 1920 fugaMithridaticorum
1248 1855 1328 1897 ver·
1369 1843 1370 1916 ζ

338 1940 393 1980 sus
413 1939 486 1979 eum
504 1919 628 1991 locum,
651 1919 707 1979 ubi
723 1919 852 1981 Taxilae
871 1933 904 1980 et
917 1917 1118 2002 Diophantus
1137 1917 1329 1988 tendebant,
1369 1919 1370 1962 t

220 2021 232 2036 ·
336 1999 453 2062 eodem
473 2001 570 2062 etiam
589 1999 748 2064 rictorem
764 1999 906 2062 deduxit.
937 2013 969 2063 et
986 1998 1054 2083 post
1074 2019 1166 2072 acre,
1189 1998 1249 2060 sed
1264 1999 1330 2058 mi·
1369 1981 1370 2044 l

335 2082 423 2144 nime
441 2081 647 2156 obstinatum,
670 2096 832 2144 certamen
851 2081 995 2166 dissipata
1010 2080 1219 2144 harbarorum
1237 2080 1331 2141 acies
1369 2073 1370 2132 l

336 2163 467 2226 diversa
490 2162 566 2250 suga
591 2164 766 2248 disparuit:
798 2164 893 2254 peuri
919 2183 989 2226 oum
1017 2163 1100 2248 ipsis
1126 2161 1262 2224 ducibus
1290 2159 1335 2220 ad

334 2242 556 2308 Mithridatem
582 2259 814 2329 pervenerunt.
860 2249 974 2328 Magna
996 2263 1036 2306 eo
1056 2244 1109 2306 die
1132 2243 1250 2306 caedes
1273 2263 1331 2304 re·
1369 2265 1370 2320 ἦ

336 2326 465 2408 giorum
485 2327 563 2401 fuit,
580 2341 631 2388 ·et
653 2349 671 2386 a
691 2326 833 2412 quinque
854 2329 1072 2388 Romanorum
1096 2325 1238 2386 millibus
1268 2325 1334 2384 tri·
1369 2331 1370 2406 ᾗ

338 2407 427 2488 ginta
449 2408 566 2482 millia,
597 2408 697 2470 totius
716 2409 878 2471 exercitus
901 2407 986 2492 regii
1001 2407 1123 2482 robur,
1145 2404 1295 2469 dusares
1318 2441 1332 2455 -

338 2501 465 2548 rentur.

104 2636 107 2642 ,
149 2627 152 2632 ·
180 2609 326 2666 mamma.
400 2594 515 2654 XXIX.
547 2592 770 2669 Mithridates,
803 2594 862 2658 hac
888 2607 1019 2678 accepta
1042 2595 1151 2669 clade,
1180 2591 1332 2662 veritus,
1369 2593 1370 2668 l

151 2681 326 2734 asseranica·
339 2693 380 2736 ne
401 2672 583 2736 destitutum
603 2673 747 2760 equitatu
766 2678 999 2774 quamprimum
1017 2677 1170 2740 Lucullus
1188 2675 1334 2742 circum.
1369 2673 1370 2746 l

151 2750 325 2831 raucosster-
338 2755 483 2830 veniret,
505 2753 606 2818 [latim
625 2772 811 2822 convocans
830 2759 975 2820 amieisa
1000 2759 1104 2832 eruit,
1119 2755 1173 2840 fibi
1191 2759 1222 2816 iu
1238 2759 1337 2812 ammo
1369 2751 1370 2830 l

152 2829 238 2872 Μ’·
337 2836 388 2917 effe
401 2837 555 2912 discedere,
576 2843 736 2919 priusquam
754 2845 856 2901 itinera
875 2839 908 2901 ab
929 2840 961 2900 ho
984 2839 1221 2901 ecleuderentur.
1264 2835 1332 2907 Illi,
1369 2833 1370 2910 l

337 2937 467 2982 suarum
491 2939 601 2980 rerum
623 2922 728 2995 anxii,
758 2943 823 2985 non
846 2935 1030 3008 exspectata
1050 2923 1141 2996 luce,
1173 2917 1336 3002 pecunias
1369 2927 1370 2978 l

261 3035 267 3044 ·
337 3019 411 3062 suas
429 3001 729 3086 supellectilemque
747 3005 935 3067 emittebant
954 3025 973 3066 e
990 3001 1118 3066 eastris:
1149 3015 1199 3073 ct,
1228 3017 1335 3082 quum
1369 2993 1370 3066 l

336 3079 400 3143 hoe
422 3081 565 3144 amultis
584 3097 618 3148 et
636 3083 791 3148 divitibus
809 3083 921 3157 lieret,
950 3085 1044 3148 brevi
1065 3079 1223 3170 angustiae
1244 3080 1338 3141 circa

337 3175 464 3247 portem
484 3179 593 3238 erant,
624 3177 657 3228 et
675 3165 765 3229 rinae
782 3185 973 3248 agasonum,
1005 3163 1237 3252 unoquolibet
1260 3173 1338 3222 ante
1369 3229 1370 3232 Ἴ

274 3265 277 3277 ·
341 3245 423 3308 alios
442 3246 533 3307 exire
549 3261 763 3331 properante,
786 3248 1008 3311 audiebantur.
1130 3255 1131 3259 ’

188 3365 227 3418 tta
244 3369 330 3422 ms„
402 3351 503 3412 XXX.
529 3352 721 3427 Exercitus,
743 3355 940 3437 recognita,
964 3345 1110 3436 visisque
1127 3351 1244 3414 dueum
1265 3370 1336 3410 sar·

162 3438 293 3490 exercitas
342 3431 446 3503 cinis,
478 3445 564 3493 metu
587 3448 619 3494 et
641 3434 861 3520 indignatione
882 3447 1078 3514 commotus,
1110 3433 1277 3518 prodique
1299 3451 1338 3493 se

113 3553 123 3570 .
160 3501 242 3570 ΙΨ·
342 3513 542 3599 vociferans,
561 3515 654 3578 vallo'
665 3531 814 3600 proruto,
837 3539 896 3600 qua
914 3518 1031 3602 cuique
1050 3517 1233 3600 proximum
1252 3528 1339 3582 erat,
1369 3507 1370 3578 l

343 3596 416 3658 sine
435 3595 629 3667 duce,'sine
651 3599 790 3682 imperio
809 3598 974 3674 eradebat.
1016 3599 1104 3658 inter
1123 3616 1196 3658 aum
1213 3595 1342 3658 tumul·

343 3691 411 3739 tum
436 3675 583 3761 direptae
607 3680 782 3744 multorum
830 3680 1046 3741 raesectorum
1075 3679 1220 3741 sarcinae
1248 3689 1343 3747 sunt,
1369 3715 1370 3784 p

345 3757 528 3821 custodibus
546 3760 683 3824 interam
708 3762 768 3824 tis:
797 3701 954 3841 tlorytaus
973 3779 1121 3844 quoque,
1144 3759 1252 3842 magni
1275 3779 1343 3818 no-

343 3841 439 3903 minis
460 3839 594 3918 ductor,
618 3784 706 3906 nihil
717 3855 848 3930 praeter
865 3861 1058 3928 purpuram,
1085 3863 1147 3928 qua
1165 3839 1236 3904 erat
1256 3841 1344 3902 ami-

343 3965 679 3982 ——u-——u-a-—a-

376 4027 579 4100 Gapxxvtl.
597 4028 673 4084 Plnt.
703 4029 775 4100 Gap.
793 4027 925 4094 xxvttt.
944 4025 1015 4080 Pble
1036 4044 1085 4082 on.
1105 4028 1257 4082 Memnon.
1279 4025 1345 4096 tp·

225 4164 227 4177 1
343 4095 423 4176 pira:
444 4099 590 4156 Memnon.
608 4097 733 4168 Appisn.
752 4099 874 4166 Eutrop.
911 4095 1019 4190 {lapid
1061 4100 1095 4153 X.
1114 4093 1244 4223 Appiae.
1262 4094 1346 4150 Plut.

197 4219 198 4226 ,
342 4166 469 4239 appan.
507 4167 579 4242 Cap.
595 4169 683 4228 XXX·
701 4165 779 4224 Plut.
798 4164 918 4236 Strabo,
934 4164 955 4222 l.
973 4183 1016 4227 ao.
1036 4183 1067 4242 p.
1083 4167 1145 4238 477.
1184 4161 1240 4221 lut.
