2702 4694
244 253 460 322 maecum
481 255 563 315 mn
587 251 697 321 cvm.
720 247 838 317 mvn,
885 199 891 218 ’
976 243 1040 329 ,aa

22 467 223 532 menteriae
244 466 329 527 ratio
348 459 543 530 haberetur,
572 461 701 540 Drapes
721 470 754 519 et
769 455 943 534 Lutarius,
969 479 1053 521 mo..
1069 455 1105 512 lla
1121 474 1148 510 a.
1164 469 1226 528 por.

22 555 108 616 dieo
125 551 171 630 iu
187 548 270 610 urbe
287 546 406 610 relicto
421 541 600 627 praesidio,
626 553 753 604 ceteras
767 540 879 625 copias
894 540 1038 604 frumen.
1068 529 1104 586 Ae
1121 526 1156 584 0·
1171 527 1217 584 ΕΙ·

22 638 46 698 ti
68 629 313 715 comportaudi
331 628 436 690 uaulla
454 623 607 688 educunt.
650 621 686 684 ld
706 644 824 706 quatu,
854 620 970 686 culitis·
988 624 1038 684 iu·
1079 673 1083 680 .
1124 676 1129 688 .

22 713 280 779 tredecimum
301 709 440 771 milliare
459 707 596 790 positis,
618 725 679 790 per
698 701 843 787 angustas
863 703 1045 770 silvestres·
1103 776 1106 784 ,
1141 705 1143 712 “

22 819 100 883 que
125 795 265 860 semitas
283 793 319 854 iu
336 789 492 875 oppidum
511 787 907 874 importarecoepill'eut,
930 785 1046 873 strepi.

22 895 64 944 tu
84 879 279 964 prodente,
301 872 472 936 aCaninio
491 871 551 932 sub
569 871 671 954 ipsam
688 867 795 930 lucem
814 883 888 932 sunt
904 869 1046 934 eircum-
1143 933 1145 938 ,

22 961 147 1026 venti.
193 957 366 1028 Luterius,
390 951 447 1038 qui
464 971 537 1014 eum
552 950 844 1016 frumentatoribus
862 966 949 1033 erat,
971 971 1052 1036 oum.

22 1067 49 1130 p
104 1043 160 1106 eis
180 1042 225 1103 ita
243 1038 377 1121 elingit,
400 1049 564 1098 uteorum
581 1053 678 1096 nemo
692 1032 728 1094 in
743 1030 840 1094 eastra
856 1050 1045 1098 revertere-

24 1067 138 1202 “ab
155 1122 262 1206 Igitur
276 1121 424 1203 Drapes,
447 1116 580 1200 ignarus
597 1113 760 1188 omnium,
785 1115 893 1178 subito
908 1119 1045 1180 Germa·
1078 1174 1081 1180 .

25 1209 88 1270 nis
108 1201 346 1278 metuentibus,
368 1197 534 1264 turbatur:
564 1197 658 1258 multi
677 1193 870 1258 oooiduntur
887 1197 1043 1262 bellium:

33 1283 175 1358 ceteri,
207 1299 304 1368 atque
326 1280 486 1366 imprimis
507 1280 520 1342 i
545 1299 581 1342 se
600 1277 682 1352 dux,
714 1277 896 1361 capiuntur.
948 1281 1045 1343 Cani-
1062 1292 1070 1340 .’

35 1371 121 1432 nius
150 1365 194 1430 ad
218 1365 423 1428 obsidionem
440 1302 636 1424 Uselbbduni
660 1358 765 1422 redit:
797 1361 914 1422 eodem
932 1375 966 1426 et
981 1364 1044 1425 Fa·

33 1451 119 1514 hius
140 1447 272 1512 aceedit
290 1443 457 1531 postridie·
494 1444 540 1511 its
554 1441 703 1530 pluribus
721 1443 925 1528 expertibus
942 1463 1044 1529 opera

38 1529 322 1596 administrantur.

107 1637 215 1699 xxn.
244 1639 373 1698 lnterea
391 1634 525 1706 Caesar,
547 1631 667 1696 relieto
687 1631 720 1693 in
739 1633 924 1696 Bellovacis
944 1651 1042 1716 quae-
1075 1643 1174 1698 Eadm
1186 1659 1211 1700 et

40 1719 136 1782 liore
150 1723 198 1780 M.
212 1717 378 1792 Antonio,
400 1717 557 1778 Carnutes
572 1713 669 1776 adiit:
692 1717 959 1800 concitoremque
972 1716 1039 1776 bel·
1058 1715 1212 1796 versam-

42 1803 69 1863 li
84 1803 305 1864 Guturvatum
323 1821 360 1862 su
384 1798 485 1882 plieio
502 1796 634 1858 adiecit
677 1797 813 1880 Cognita
830 1798 950 1859 deinde
969 1815 1042 1860 ere·
1055 1783 1137 1838 Μ·
1214 1801 1225 1820 “

43 1883 122 1946 bris
145 1882 275 1944 nunciis
294 1821 602 1942 Uxebloduneusium
625 1878 825 1962 pervicacia,
856 1878 1044 1941 faciundum

47 1965 119 2026 sibi
136 1961 259 2038 statuit,
288 1961 414 2046 etipse
431 1979 472 2022 eo
513 1955 775 2023 rolieiseeretur:
804 1981 865 2034 ue,
894 1963 922 2022 si
946 1981 1045 2024 unum
1121 2009 1125 2019 .

46 2045 211 2130 oppidum
232 2044 355 2107 diutius
373 2039 475 2104 restiti
503 2055 553 2115 et,
576 2041 762 2109 universam
781 2043 917 2108 Gelliam
937 2042 978 2106 ad
996 2043 1047 2110 vi·

47 2147 108 2190 res
127 2127 247 2190 iterum
264 2123 434 2201 tentandas
453 2124 671 2186 sollicitaret.=

22 2229 24 2236 ’
120 2235 233 2298 xxm.
260 2229 334 2295 Post
358 2251 431 2294 uam
451 2229 686 2294 Uxellodunum
708 2231 828 2296 Caesar
849 2231 960 2307 venit,
993 2233 1046 2295 irr-
1073 2247 1218 2322 Eume.

55 2317 243 2402 spretisque
261 2335 350 2378 omni
373 2335 431 2387 ua,
454 2313 551 2375 situm
570 2313 634 2376 loci
650 2314 952 2413 inexpugnabilem,
974 2314 1196 2402 inp-pulpitare

53 2400 157 2462 menti
172 2400 297 2483 copiam
315 2399 349 2458 in
367 2396 499 2480 longum
514 2409 642 2480 tempus
657 2397 835 2494 oppidanis
848 2411 1043 2482 suppetere,
1058 2387 1175 2470 ‘'fidu“
1183 2391 1224 2443 ⁰⁶·

57 2501 121 2543 nee
135 2481 241 2542 omitti
256 2499 325 2540 rem
343 2479 442 2562 polle,
465 2479 575 2541 elauao
594 2481 749 2564 operibus
766 2501 808 2564 op
833 2479 899 2554 ido,
922 2473 1152 2564 cogno-“⁸⁸”·

55 2563 107 2625 vit
114 2583 124 2640 3
145 2581 238 2624 unam
255 2582 346 2646 spem
361 2561 519 2622 victoriae
538 2560 629 2621 ineo
642 2562 727 2624 verti
745 2503 897 2636 credidit,
920 2563 1048 2647 sieque
1117 2587 1123 2598 ·

55 2643 235 2726 probibere
270 2663 312 2726 op
338 2643 452 2704 idanoa
485 2642 599 2726 pollet.
653 2646 695 2709 Et
724 2641 857 2706 llumine
891 2643 1044 2728 quidem,

60 2725 149 2807 quod
171 2727 245 2787 imis
266 2740 306 2786 ra·
326 2725 432 2786 reibus
455 2725 574 2786 montis
593 2724 638 2786 ita
655 2723 840 2800 serebatur,
871 2739 908 2789 at
926 2727 1048 2789 nnllam

62 2807 97 2866 iu
118 2820 236 2889 partem
256 2805 399 2870 derivari
417 2805 539 2890 pollet,
586 2826 623 2867 er
641 2807 827 2891 sagittarios
844 2807 1048 2870 funditores·

65 2907 129 2970 qne
169 2887 321 2950 rohibere
342 2909 408 2950 non
428 2901 498 2950 erat
514 2829 665 2952 difficile.
698 2902 844 2952 ueterum
863 2889 922 2950 sub
941 2890 1047 2972 ipsius

64 2911 175 3112 oppiffi
188 2970 359 3114 uppenibpps
371 2969 446 3032 lons
458 2989 591 3112 iplagnlus
601 2972 849 3116 prppumpebatt3
873 2971 1049 3116 qupmgdi·
1124 3083 1128 3090 Ι

64 3071 213 3196 'tttlt
226 3071 487 3218 tltftltt
501 3073 651 3196 {isidi
671 3067 825 3198 tllt⁰¹³
840 3073 944 3128 “⁶¹‘’
994 3071 1049 3140 ‘¹⁰'

128 3239 238 3306 XXlV.
269 3244 348 3303 Nem
374 3259 414 3301 ne
439 3259 480 3302 ex
502 3239 641 3306 adverso
668 3240 771 3304 fontis
797 3243 908 3306 vineas
937 3242 989 3326 agi
1014 3239 1050 3311 ei

68 3339 213 3403 aggerem
233 3320 309 3382 strui
328 3319 361 3400 ju
390 3333 431 3383 rtt
467 3339 520 3395 et,
542 3343 732 3407 quamquam
751 3343 791 3384 ex
809 3325 981 3407 superiore
999 3325 1048 3386 lo-

69 3422 110 3463 eo
129 3403 213 3464 multi
231 3403 351 3464 milites
371 3403 639 3474 vulnerabantur,
668 3417 754 3468 tanta
773 3419 880 3468 tamen
903 3404 1048 3468 constan-

70 3484 116 3544 tia
128 3483 200 3558 luit,
222 3498 257 3546 ut
275 3504 376 3568 agger
393 3486 558 3569 sexaginta
573 3486 693 3569 pedum
708 3485 878 3550 altitudine
896 3487 1048 3549 efficere-

70 3578 135 3626 tur.
172 3568 204 3628 ln
228 3585 268 3627 eo
289 3567 407 3628 turrim
427 3569 534 3632 erexit
553 3569 671 3646 Caesar
691 3569 902 3632 tabulatorum
923 3569 1048 3632 decem.

71 3647 119 3705 ita
131 3667 187 3708 non
205 3647 335 3732 quidem
353 3650 490 3714 altitudo
507 3651 670 3712 moenium
689 3649 939 3734 adsequebatur,
961 3650 1050 3737 quod

72 3727 162 3788 null·
181 3730 320 3792 obtineri
341 3733 498 3814 operibus
516 3747 661 3817 poterat;
684 3733 743 3794 sed
759 3747 865 3796 tamen
884 3735 987 3798 fontis
1002 3733 1050 3794 fa-

74 3805 190 3888 ssigium
211 3812 416 3876 vincebaturt
445 3817 574 3899 telaque
594 3818 765 3878 tormentis
784 3817 824 3878 ed
841 3816 911 3899 ejus
929 3816 1050 3878 aditum
1094 3813 1096 3818 ’
1126 3869 1129 3874 .

48 3928 54 3939 -
76 3889 154 3955 mitti
170 3907 331 3976 poterant,
354 3917 395 3957 ne
416 3898 488 3958 sine
507 3899 655 3981 periculo
675 3913 882 3983 aquarentur.
924 3897 1052 3961 Eodem

76 3983 210 4053 tempore
236 3977 378 4040 cuniculi
402 3978 443 4057 ad
466 3979 568 4043 fontia
591 3994 687 4064 eaput
708 3995 864 4066 aguntur:
888 3979 978 4064 eujus
999 3979 1052 4043 rei

79 4099 400 4120 m*-

1297 23 1300 104 l

1298 113 1301 170 t

1303 536 1306 588 t

110 4155 286 4232 Caplllllv.
311 4165 448 4226 Frontia.
467 4167 560 4228 strat.
572 4169 601 4240 d,
612 4185 642 4238 7.
