<?xml version="1.0" encoding="UTF-8"?>
<!DOCTYPE html PUBLIC "-//W3C//DTD XHTML 1.0 Transitional//EN"
    "http://www.w3.org/TR/xhtml1/DTD/xhtml1-transitional.dtd">
<html xmlns="http://www.w3.org/1999/xhtml" xml:lang="en" lang="en">
 <head>
  <title>
</title>
<meta http-equiv="Content-Type" content="text/html;charset=utf-8" />
  <meta name='ocr-system' content='tesseract 3.04.00' />
  <meta name='ocr-capabilities' content='ocr_page ocr_carea ocr_par ocr_line ocrx_word'/>
</head>
<body>
  <div class='ocr_page' id='page_1' title='image "./tliviipatavinih04drakgoog_0414.png"; bbox 0 0 2734 4688; ppageno 0'>
   <div class='ocr_carea' id='block_1_1' title="bbox 134 199 1070 312">
    <p class='ocr_par' dir='ltr' id='par_1_1' title="bbox 134 199 1070 312">
     <span class='ocr_line' id='line_1_1' title="bbox 134 199 1070 312; baseline 0.004 -16"><span class='ocrx_word' id='word_1_1' title='bbox 134 277 138 286; x_wconf 92' lang='lat'>.</span> <span class='ocrx_word' id='word_1_2' title='bbox 254 233 299 296; x_wconf 84' lang='lat' dir='ltr'><strong>m</strong></span> <span class='ocrx_word' id='word_1_3' title='bbox 316 199 466 296; x_wconf 73' lang='lat' dir='ltr'><strong>toccu</strong></span> <span class='ocrx_word' id='word_1_4' title='bbox 484 233 566 296; x_wconf 78' lang='lat' dir='ltr'><strong>nm.</strong></span> <span class='ocrx_word' id='word_1_5' title='bbox 585 231 728 300; x_wconf 79' lang='lat' dir='ltr'><strong>scrin.</strong></span> <span class='ocrx_word' id='word_1_6' title='bbox 749 231 862 302; x_wconf 78' lang='lat' dir='ltr'><strong>uivn.</strong></span> <span class='ocrx_word' id='word_1_7' title='bbox 1007 235 1070 312; x_wconf 58' lang='grc' dir='ltr'><strong>με</strong></span> 
     </span>
    </p>
   </div>
   <div class='ocr_carea' id='block_1_2' title="bbox 69 409 1260 1667">
    <p class='ocr_par' dir='ltr' id='par_1_2' title="bbox 69 409 1260 1178">
     <span class='ocr_line' id='line_1_2' title="bbox 71 409 1260 526; baseline 0 -25"><span class='ocrx_word' id='word_1_8' title='bbox 71 437 202 502; x_wconf 84' lang='lat' dir='ltr'><strong>Idcirco</strong></span> <span class='ocrx_word' id='word_1_9' title='bbox 214 437 374 505; x_wconf 69' lang='lat' dir='ltr'><strong>llauoullus</strong></span> <span class='ocrx_word' id='word_1_10' title='bbox 385 471 396 512; x_wconf 86' lang='lat'><strong>‚·</strong></span> <span class='ocrx_word' id='word_1_11' title='bbox 426 439 516 520; x_wconf 82' lang='lat' dir='ltr'><strong>juliis</strong></span> <span class='ocrx_word' id='word_1_12' title='bbox 540 440 641 502; x_wconf 87' lang='lat' dir='ltr'><strong>acciri</strong></span> <span class='ocrx_word' id='word_1_13' title='bbox 666 441 849 526; x_wconf 85' lang='lat' dir='ltr'><strong>equitibus,</strong></span> <span class='ocrx_word' id='word_1_14' title='bbox 884 441 941 526; x_wconf 90' lang='lat' dir='ltr'><strong>qui</strong></span> <span class='ocrx_word' id='word_1_15' title='bbox 962 442 1069 525; x_wconf 89' lang='lat' dir='ltr'><strong>primo</strong></span> <span class='ocrx_word' id='word_1_16' title='bbox 1097 409 1260 514; x_wconf 42' lang='lat' dir='ltr'><strong>Racili(</strong></span> 
     </span>
     <span class='ocr_line' id='line_1_3' title="bbox 71 511 1230 606; baseline 0.003 -24"><span class='ocrx_word' id='word_1_17' title='bbox 71 522 204 606; x_wconf 89' lang='lat' dir='ltr'><strong>proelio</strong></span> <span class='ocrx_word' id='word_1_18' title='bbox 222 520 334 604; x_wconf 87' lang='lat' dir='ltr'><strong>pullos</strong></span> <span class='ocrx_word' id='word_1_19' title='bbox 357 520 628 606; x_wconf 83' lang='lat' dir='ltr'><strong>insequebantur3</strong></span> <span class='ocrx_word' id='word_1_20' title='bbox 664 523 755 606; x_wconf 85' lang='lat' dir='ltr'><strong>ipse,</strong></span> <span class='ocrx_word' id='word_1_21' title='bbox 786 523 936 603; x_wconf 85' lang='lat' dir='ltr'><strong>adjuncto</strong></span> <span class='ocrx_word' id='word_1_22' title='bbox 959 543 1069 606; x_wconf 89' lang='lat' dir='ltr'><strong>prom·</strong></span> <span class='ocrx_word' id='word_1_23' title='bbox 1099 511 1230 572; x_wconf 60' lang='grc' dir='ltr'><strong>ΔΜΒ·</strong></span> 
     </span>
     <span class='ocr_line' id='line_1_4' title="bbox 71 602 1068 698; baseline 0.002 -34"><span class='ocrx_word' id='word_1_24' title='bbox 71 603 214 688; x_wconf 86' lang='lat' dir='ltr'><strong>ptissimo</strong></span> <span class='ocrx_word' id='word_1_25' title='bbox 234 621 382 686; x_wconf 79' lang='lat' dir='ltr'><strong>quoque,</strong></span> <span class='ocrx_word' id='word_1_26' title='bbox 412 605 582 698; x_wconf 77' lang='lat' dir='ltr'><strong>oppositos</strong></span> <span class='ocrx_word' id='word_1_27' title='bbox 609 602 673 666; x_wconf 77' lang='lat' dir='ltr'><strong>sibi</strong></span> <span class='ocrx_word' id='word_1_28' title='bbox 691 607 910 690; x_wconf 78' lang='lat' dir='ltr'><strong>Atropatenae</strong></span> <span class='ocrx_word' id='word_1_29' title='bbox 931 605 1068 678; x_wconf 82' lang='lat' dir='ltr'><strong>invasit,</strong></span> 
     </span>
     <span class='ocr_line' id='line_1_5' title="bbox 71 683 1070 768; baseline 0.002 -22"><span class='ocrx_word' id='word_1_30' title='bbox 71 705 113 746; x_wconf 90' lang='lat' dir='ltr'><strong>eo</strong></span> <span class='ocrx_word' id='word_1_31' title='bbox 131 697 282 756; x_wconf 89' lang='lat' dir='ltr'><strong>terrore,</strong></span> <span class='ocrx_word' id='word_1_32' title='bbox 311 697 367 756; x_wconf 88' lang='lat' dir='ltr'><strong>ut,</strong></span> <span class='ocrx_word' id='word_1_33' title='bbox 395 705 583 768; x_wconf 82' lang='lat' dir='ltr'><strong>priusquam</strong></span> <span class='ocrx_word' id='word_1_34' title='bbox 604 683 644 744; x_wconf 78' lang='lat' dir='ltr'><strong>acl</strong></span> <span class='ocrx_word' id='word_1_35' title='bbox 663 707 774 746; x_wconf 89' lang='lat' dir='ltr'><strong>manus</strong></span> <span class='ocrx_word' id='word_1_36' title='bbox 790 687 978 756; x_wconf 83' lang='lat' dir='ltr'><strong>veniretur,</strong></span> <span class='ocrx_word' id='word_1_37' title='bbox 1010 686 1070 748; x_wconf 89' lang='lat' dir='ltr'><strong>ho·</strong></span> 
     </span>
     <span class='ocr_line' id='line_1_6' title="bbox 71 764 1067 851; baseline 0 -23"><span class='ocrx_word' id='word_1_38' title='bbox 71 765 152 851; x_wconf 71' lang='lat' dir='ltr'><strong>lleq,</strong></span> <span class='ocrx_word' id='word_1_39' title='bbox 177 765 293 828; x_wconf 83' lang='lat' dir='ltr'><strong>solutis</strong></span> <span class='ocrx_word' id='word_1_40' title='bbox 310 764 501 838; x_wconf 70' lang='lat' dir='ltr'>ordinibus,</span> <span class='ocrx_word' id='word_1_41' title='bbox 522 765 686 850; x_wconf 86' lang='lat' dir='ltr'><strong>lugerent.</strong></span> <span class='ocrx_word' id='word_1_42' title='bbox 727 769 779 828; x_wconf 85' lang='lat' dir='ltr'><strong>Ile</strong></span> <span class='ocrx_word' id='word_1_43' title='bbox 797 767 901 828; x_wconf 86' lang='lat' dir='ltr'><strong>trihus</strong></span> <span class='ocrx_word' id='word_1_44' title='bbox 921 765 1067 850; x_wconf 87' lang='lat' dir='ltr'><strong>regibus,</strong></span> 
     </span>
     <span class='ocr_line' id='line_1_7' title="bbox 71 846 1068 943; baseline 0.001 -33"><span class='ocrx_word' id='word_1_45' title='bbox 71 849 128 932; x_wconf 90' lang='lat' dir='ltr'><strong>qui</strong></span> <span class='ocrx_word' id='word_1_46' title='bbox 157 848 190 908; x_wconf 89' lang='lat' dir='ltr'><strong>ei</strong></span> <span class='ocrx_word' id='word_1_47' title='bbox 219 865 346 931; x_wconf 79' lang='lat' dir='ltr'><strong>pugnae</strong></span> <span class='ocrx_word' id='word_1_48' title='bbox 373 846 560 920; x_wconf 73' lang='lat' dir='ltr'><strong>calluerunt,</strong></span> <span class='ocrx_word' id='word_1_49' title='bbox 591 847 771 943; x_wconf 87' lang='lat' dir='ltr'><strong>turpillime</strong></span> <span class='ocrx_word' id='word_1_50' title='bbox 799 847 884 932; x_wconf 81' lang='lat' dir='ltr'><strong>fugit</strong></span> <span class='ocrx_word' id='word_1_51' title='bbox 911 849 1068 912; x_wconf 76' lang='lat' dir='ltr'><strong>Ponticus</strong></span> 
     </span>
     <span class='ocr_line' id='line_1_8' title="bbox 69 927 1067 1026; baseline 0 -34"><span class='ocrx_word' id='word_1_52' title='bbox 69 927 299 1002; x_wconf 76' lang='lat' dir='ltr'><strong>Mithridates,</strong></span> <span class='ocrx_word' id='word_1_53' title='bbox 322 929 421 1008; x_wconf 91' lang='lat' dir='ltr'><strong>(uam</strong></span> <span class='ocrx_word' id='word_1_54' title='bbox 445 943 478 992; x_wconf 88' lang='lat' dir='ltr'><strong>et</strong></span> <span class='ocrx_word' id='word_1_55' title='bbox 494 929 595 1026; x_wconf 64' lang='lat' dir='ltr'><strong>llario</strong></span> <span class='ocrx_word' id='word_1_56' title='bbox 614 929 904 1025; x_wconf 66' lang='lat' dir='ltr'><strong>Mithridatiserat</strong></span> <span class='ocrx_word' id='word_1_57' title='bbox 923 932 1067 1011; x_wconf 86' lang='lat' dir='ltr'><strong>nomen)</strong></span> 
     </span>
     <span class='ocr_line' id='line_1_9' title="bbox 72 1005 1068 1178; baseline -0.004 -24"><span class='ocrx_word' id='word_1_58' title='bbox 72 1005 1068 1178; x_wconf 52' lang='lat' dir='ltr'><strong>llllttltltlt,ltl‘tltlttlsllltlil0233:</strong></span> 
     </span>
    </p>

    <p class='ocr_par' dir='ltr' id='par_1_3' title="bbox 70 1173 1067 1667">
     <span class='ocr_line' id='line_1_10' title="bbox 97 1173 1067 1258; baseline 0.004 -24"><span class='ocrx_word' id='word_1_59' title='bbox 97 1195 137 1236; x_wconf 90' lang='lat' dir='ltr'><strong>ue</strong></span> <span class='ocrx_word' id='word_1_60' title='bbox 160 1173 326 1258; x_wconf 83' lang='lat' dir='ltr'><strong>fugientes</strong></span> <span class='ocrx_word' id='word_1_61' title='bbox 343 1186 442 1252; x_wconf 51' lang='lat' dir='ltr'><strong>¹suut3</strong></span> <span class='ocrx_word' id='word_1_62' title='bbox 471 1173 671 1257; x_wconf 83' lang='lat' dir='ltr'><strong>maximaque</strong></span> <span class='ocrx_word' id='word_1_63' title='bbox 688 1173 788 1236; x_wconf 88' lang='lat' dir='ltr'><strong>relata</strong></span> <span class='ocrx_word' id='word_1_64' title='bbox 806 1173 927 1257; x_wconf 88' lang='lat' dir='ltr'><strong>spolia,</strong></span> <span class='ocrx_word' id='word_1_65' title='bbox 961 1173 1067 1238; x_wconf 86' lang='lat' dir='ltr'><strong>donec</strong></span> 
     </span>
     <span class='ocr_line' id='line_1_11' title="bbox 71 1195 1067 1340; baseline 0.004 -24"><span class='ocrx_word' id='word_1_66' title='bbox 71 1195 227 1338; x_wconf 66' lang='lat' dir='ltr'><strong>latigatus</strong></span> <span class='ocrx_word' id='word_1_67' title='bbox 243 1253 470 1340; x_wconf 81' lang='lat' dir='ltr'><strong>persequendo</strong></span> <span class='ocrx_word' id='word_1_68' title='bbox 490 1255 585 1316; x_wconf 89' lang='lat' dir='ltr'><strong>miles</strong></span> <span class='ocrx_word' id='word_1_69' title='bbox 602 1255 800 1338; x_wconf 82' lang='lat' dir='ltr'><strong>conquievit.</strong></span> <span class='ocrx_word' id='word_1_70' title='bbox 843 1256 960 1318; x_wconf 85' lang='lat' dir='ltr'><strong>Plures</strong></span> <span class='ocrx_word' id='word_1_71' title='bbox 974 1258 1067 1340; x_wconf 90' lang='lat' dir='ltr'><strong>prio·</strong></span> 
     </span>
     <span class='ocr_line' id='line_1_12' title="bbox 70 1333 1067 1420; baseline 0.002 -22"><span class='ocrx_word' id='word_1_72' title='bbox 70 1357 109 1398; x_wconf 89' lang='lat' dir='ltr'><strong>re</strong></span> <span class='ocrx_word' id='word_1_73' title='bbox 127 1337 260 1420; x_wconf 90' lang='lat' dir='ltr'><strong>proelio</strong></span> <span class='ocrx_word' id='word_1_74' title='bbox 275 1333 399 1410; x_wconf 83' lang='lat' dir='ltr'><strong>halles,</strong></span> <span class='ocrx_word' id='word_1_75' title='bbox 420 1335 484 1399; x_wconf 89' lang='lat' dir='ltr'><strong>hoc</strong></span> <span class='ocrx_word' id='word_1_76' title='bbox 500 1335 716 1418; x_wconf 81' lang='lat' dir='ltr'><strong>insigniores,</strong></span> <span class='ocrx_word' id='word_1_77' title='bbox 738 1349 842 1398; x_wconf 90' lang='lat' dir='ltr'><strong>morte</strong></span> <span class='ocrx_word' id='word_1_78' title='bbox 860 1350 966 1399; x_wconf 86' lang='lat' dir='ltr'><strong>autea</strong></span> <span class='ocrx_word' id='word_1_79' title='bbox 990 1337 1067 1410; x_wconf 79' lang='lat' dir='ltr'><strong>tivi-</strong></span> 
     </span>
     <span class='ocr_line' id='line_1_13' title="bbox 71 1415 1066 1500; baseline 0.001 -20"><span class='ocrx_word' id='word_1_80' title='bbox 71 1432 140 1480; x_wconf 86' lang='lat' dir='ltr'><strong>tate</strong></span> <span class='ocrx_word' id='word_1_81' title='bbox 161 1415 339 1480; x_wconf 84' lang='lat' dir='ltr'><strong>desiderati</strong></span> <span class='ocrx_word' id='word_1_82' title='bbox 355 1431 440 1480; x_wconf 83' lang='lat' dir='ltr'><strong>suut.</strong></span> <span class='ocrx_word' id='word_1_83' title='bbox 480 1419 619 1480; x_wconf 86' lang='lat' dir='ltr'><strong>Praeter</strong></span> <span class='ocrx_word' id='word_1_84' title='bbox 635 1415 781 1500; x_wconf 80' lang='lat' dir='ltr'><strong>ignobile</strong></span> <span class='ocrx_word' id='word_1_85' title='bbox 798 1417 933 1500; x_wconf 86' lang='lat' dir='ltr'><strong>vulgus,</strong></span> <span class='ocrx_word' id='word_1_86' title='bbox 978 1439 1066 1482; x_wconf 87' lang='lat' dir='ltr'><strong>ero·</strong></span> 
     </span>
     <span class='ocr_line' id='line_1_14' title="bbox 71 1497 1066 1586; baseline 0 -24"><span class='ocrx_word' id='word_1_87' title='bbox 71 1499 158 1562; x_wconf 90' lang='lat' dir='ltr'><strong>hore</strong></span> <span class='ocrx_word' id='word_1_88' title='bbox 182 1499 345 1562; x_wconf 81' lang='lat' dir='ltr'><strong>exercitus</strong></span> <span class='ocrx_word' id='word_1_89' title='bbox 368 1499 512 1583; x_wconf 89' lang='lat' dir='ltr'><strong>quinque</strong></span> <span class='ocrx_word' id='word_1_90' title='bbox 535 1497 636 1560; x_wconf 88' lang='lat' dir='ltr'><strong>millia</strong></span> <span class='ocrx_word' id='word_1_91' title='bbox 660 1497 869 1578; x_wconf 69' lang='lat' dir='ltr'><strong>cecideruut,</strong></span> <span class='ocrx_word' id='word_1_92' title='bbox 903 1501 988 1586; x_wconf 88' lang='lat' dir='ltr'><strong>capti</strong></span> <span class='ocrx_word' id='word_1_93' title='bbox 1007 1501 1066 1562; x_wconf 87' lang='lat' dir='ltr'><strong>ali-</strong></span> 
     </span>
     <span class='ocr_line' id='line_1_15' title="bbox 74 1581 436 1667; baseline 0 -25"><span class='ocrx_word' id='word_1_94' title='bbox 74 1594 197 1666; x_wconf 85' lang='lat' dir='ltr'><strong>quanto</strong></span> <span class='ocrx_word' id='word_1_95' title='bbox 217 1581 329 1667; x_wconf 86' lang='lat' dir='ltr'><strong>plures</strong></span> <span class='ocrx_word' id='word_1_96' title='bbox 352 1594 436 1642; x_wconf 84' lang='lat' dir='ltr'><strong>sunt.</strong></span> 
     </span>
    </p>
   </div>
   <div class='ocr_carea' id='block_1_3' title="bbox 73 1703 1264 2368">
    <p class='ocr_par' dir='ltr' id='par_1_4' title="bbox 73 1703 1264 2368">
     <span class='ocr_line' id='line_1_16' title="bbox 132 1703 1253 1796; baseline 0.002 -24"><span class='ocrx_word' id='word_1_97' title='bbox 132 1711 281 1776; x_wconf 80' lang='lat' dir='ltr'><strong>Lxxlv.</strong></span> <span class='ocrx_word' id='word_1_98' title='bbox 303 1710 452 1773; x_wconf 78' lang='lat' dir='ltr'><strong>Attamen</strong></span> <span class='ocrx_word' id='word_1_99' title='bbox 469 1707 628 1772; x_wconf 84' lang='lat' dir='ltr'><strong>victoriae</strong></span> <span class='ocrx_word' id='word_1_100' title='bbox 643 1709 784 1774; x_wconf 82' lang='lat' dir='ltr'><strong>fructum</strong></span> <span class='ocrx_word' id='word_1_101' title='bbox 797 1711 947 1786; x_wconf 87' lang='lat' dir='ltr'><strong>Lucullo,</strong></span> <span class='ocrx_word' id='word_1_102' title='bbox 969 1731 1067 1796; x_wconf 85' lang='lat' dir='ltr'><strong>quum</strong></span> <span class='ocrx_word' id='word_1_103' title='bbox 1099 1703 1158 1788; x_wconf 66' lang='grc' dir='ltr'><strong>,Μ</strong></span> <span class='ocrx_word' id='word_1_104' title='bbox 1171 1707 1253 1764; x_wconf 66' lang='lat' dir='ltr'><strong>vlm-</strong></span> 
     </span>
     <span class='ocr_line' id='line_1_17' title="bbox 74 1777 1264 1877; baseline 0.004 -22"><span class='ocrx_word' id='word_1_105' title='bbox 74 1805 225 1876; x_wconf 78' lang='lat' dir='ltr'><strong>speraret</strong></span> <span class='ocrx_word' id='word_1_106' title='bbox 241 1793 475 1877; x_wconf 82' lang='lat' dir='ltr'><strong>amplillimum‚</strong></span> <span class='ocrx_word' id='word_1_107' title='bbox 498 1804 626 1874; x_wconf 84' lang='lat' dir='ltr'><strong>tempus</strong></span> <span class='ocrx_word' id='word_1_108' title='bbox 645 1793 719 1854; x_wconf 90' lang='lat' dir='ltr'><strong>anni</strong></span> <span class='ocrx_word' id='word_1_109' title='bbox 738 1805 771 1854; x_wconf 90' lang='lat' dir='ltr'><strong>et</strong></span> <span class='ocrx_word' id='word_1_110' title='bbox 789 1805 900 1856; x_wconf 83' lang='lat' dir='ltr'><strong>natura</strong></span> <span class='ocrx_word' id='word_1_111' title='bbox 920 1795 1067 1855; x_wconf 89' lang='lat' dir='ltr'><strong>locorum</strong></span> <span class='ocrx_word' id='word_1_112' title='bbox 1079 1777 1264 1860; x_wconf 73' lang='lat' dir='ltr'><strong>&#39;&#39;⁶&#39;s&#39;⁸‘&#39;“&#39;&#39;.&#39;</strong></span> 
     </span>
     <span class='ocr_line' id='line_1_18' title="bbox 74 1855 1255 1966; baseline 0.001 -31"><span class='ocrx_word' id='word_1_113' title='bbox 74 1873 273 1936; x_wconf 76' lang='lat' dir='ltr'><strong>inviderunt.</strong></span> <span class='ocrx_word' id='word_1_114' title='bbox 323 1873 391 1936; x_wconf 88' lang='lat' dir='ltr'><strong>Sub</strong></span> <span class='ocrx_word' id='word_1_115' title='bbox 410 1872 652 1956; x_wconf 76' lang='lat' dir='ltr'><strong>aequinoctium</strong></span> <span class='ocrx_word' id='word_1_116' title='bbox 671 1873 861 1957; x_wconf 77' lang='lat' dir='ltr'><strong>frequentes</strong></span> <span class='ocrx_word' id='word_1_117' title='bbox 880 1875 974 1936; x_wconf 84' lang='lat' dir='ltr'><strong>nives</strong></span> <span class='ocrx_word' id='word_1_118' title='bbox 1014 1877 1067 1936; x_wconf 91' lang='lat' dir='ltr'><strong>elu</strong></span> <span class='ocrx_word' id='word_1_119' title='bbox 1079 1855 1255 1966; x_wconf 56' lang='lat' dir='ltr'><strong>:mmm</strong></span> 
     </span>
     <span class='ocr_line' id='line_1_19' title="bbox 73 1895 1171 2041; baseline 0 -25"><span class='ocrx_word' id='word_1_120' title='bbox 73 1955 136 2038; x_wconf 84' lang='lat' dir='ltr'><strong>jam</strong></span> <span class='ocrx_word' id='word_1_121' title='bbox 155 1953 393 2038; x_wconf 78' lang='lat' dir='ltr'><strong>adstringebant</strong></span> <span class='ocrx_word' id='word_1_122' title='bbox 411 1951 552 2020; x_wconf 87' lang='lat' dir='ltr'><strong>llumina.</strong></span> <span class='ocrx_word' id='word_1_123' title='bbox 590 1974 628 2016; x_wconf 89' lang='lat' dir='ltr'><strong>ea</strong></span> <span class='ocrx_word' id='word_1_124' title='bbox 645 1957 821 2041; x_wconf 84' lang='lat' dir='ltr'><strong>praecipue</strong></span> <span class='ocrx_word' id='word_1_125' title='bbox 841 1956 935 2040; x_wconf 87' lang='lat' dir='ltr'><strong>equis</strong></span> <span class='ocrx_word' id='word_1_126' title='bbox 954 1895 1067 2017; x_wconf 60' lang='lat' dir='ltr'><strong>inlella</strong></span> <span class='ocrx_word' id='word_1_127' title='bbox 1109 1928 1128 1982; x_wconf 70' lang='lat'><em>⁸</em></span> <span class='ocrx_word' id='word_1_128' title='bbox 1161 1949 1171 1969; x_wconf 82' lang='lat'><em>⁰</em></span> 
     </span>
     <span class='ocr_line' id='line_1_20' title="bbox 75 2033 1067 2122; baseline 0.001 -23"><span class='ocrx_word' id='word_1_129' title='bbox 75 2050 239 2111; x_wconf 65' lang='lat' dir='ltr'><strong>reserat,</strong></span> <span class='ocrx_word' id='word_1_130' title='bbox 270 2035 387 2120; x_wconf 86' lang='lat' dir='ltr'><strong>quihus</strong></span> <span class='ocrx_word' id='word_1_131' title='bbox 407 2049 441 2099; x_wconf 92' lang='lat' dir='ltr'><strong>et</strong></span> <span class='ocrx_word' id='word_1_132' title='bbox 457 2033 630 2097; x_wconf 80' lang='lat' dir='ltr'><strong>insalubris</strong></span> <span class='ocrx_word' id='word_1_133' title='bbox 647 2037 760 2120; x_wconf 88' lang='lat' dir='ltr'><strong>rigore</strong></span> <span class='ocrx_word' id='word_1_134' title='bbox 777 2051 874 2122; x_wconf 85' lang='lat' dir='ltr'><strong>potua</strong></span> <span class='ocrx_word' id='word_1_135' title='bbox 894 2033 1010 2109; x_wconf 87' lang='lat' dir='ltr'><strong>llebat,</strong></span> <span class='ocrx_word' id='word_1_136' title='bbox 1034 2051 1067 2100; x_wconf 89' lang='lat' dir='ltr'><strong>et</strong></span> 
     </span>
     <span class='ocr_line' id='line_1_21' title="bbox 75 2117 1067 2214; baseline 0 -36"><span class='ocrx_word' id='word_1_137' title='bbox 75 2119 165 2181; x_wconf 89' lang='lat' dir='ltr'><strong>inter</strong></span> <span class='ocrx_word' id='word_1_138' title='bbox 182 2117 414 2180; x_wconf 84' lang='lat' dir='ltr'><strong>transeundum</strong></span> <span class='ocrx_word' id='word_1_139' title='bbox 433 2131 526 2214; x_wconf 88' lang='lat' dir='ltr'><strong>rupta</strong></span> <span class='ocrx_word' id='word_1_140' title='bbox 549 2117 654 2198; x_wconf 88' lang='lat' dir='ltr'><strong>glacie</strong></span> <span class='ocrx_word' id='word_1_141' title='bbox 676 2139 771 2180; x_wconf 88' lang='lat' dir='ltr'><strong>crura</strong></span> <span class='ocrx_word' id='word_1_142' title='bbox 790 2119 1067 2180; x_wconf 86' lang='lat' dir='ltr'><strong>convulneraban-</strong></span> 
     </span>
     <span class='ocr_line' id='line_1_22' title="bbox 76 2197 1066 2282; baseline 0.004 -22"><span class='ocrx_word' id='word_1_143' title='bbox 76 2213 139 2262; x_wconf 91' lang='lat' dir='ltr'><strong>tur.</strong></span> <span class='ocrx_word' id='word_1_144' title='bbox 192 2201 307 2282; x_wconf 87' lang='lat' dir='ltr'><strong>Neque</strong></span> <span class='ocrx_word' id='word_1_145' title='bbox 332 2199 490 2262; x_wconf 83' lang='lat' dir='ltr'><strong>exercitur</strong></span> <span class='ocrx_word' id='word_1_146' title='bbox 514 2197 629 2260; x_wconf 79' lang='lat' dir='ltr'><strong>faciles</strong></span> <span class='ocrx_word' id='word_1_147' title='bbox 655 2214 709 2262; x_wconf 91' lang='lat' dir='ltr'><strong>aut</strong></span> <span class='ocrx_word' id='word_1_148' title='bbox 734 2199 806 2262; x_wconf 88' lang='lat' dir='ltr'><strong>dies</strong></span> <span class='ocrx_word' id='word_1_149' title='bbox 838 2200 904 2262; x_wconf 90' lang='lat' dir='ltr'><strong>iter</strong></span> <span class='ocrx_word' id='word_1_150' title='bbox 932 2200 1066 2264; x_wconf 82' lang='lat' dir='ltr'><strong>facienti</strong></span> 
     </span>
     <span class='ocr_line' id='line_1_23' title="bbox 75 2277 1066 2368; baseline 0 -26"><span class='ocrx_word' id='word_1_151' title='bbox 75 2295 188 2354; x_wconf 88' lang='lat' dir='ltr'><strong>eraut,</strong></span> <span class='ocrx_word' id='word_1_152' title='bbox 218 2293 272 2344; x_wconf 87' lang='lat' dir='ltr'><strong>aut</strong></span> <span class='ocrx_word' id='word_1_153' title='bbox 290 2295 407 2344; x_wconf 88' lang='lat' dir='ltr'><strong>noctes</strong></span> <span class='ocrx_word' id='word_1_154' title='bbox 431 2280 465 2341; x_wconf 91' lang='lat' dir='ltr'><strong>in</strong></span> <span class='ocrx_word' id='word_1_155' title='bbox 487 2277 632 2342; x_wconf 86' lang='lat' dir='ltr'><strong>humenti</strong></span> <span class='ocrx_word' id='word_1_156' title='bbox 659 2281 731 2346; x_wconf 87' lang='lat' dir='ltr'><strong>solo</strong></span> <span class='ocrx_word' id='word_1_157' title='bbox 759 2281 955 2368; x_wconf 79' lang='lat' dir='ltr'><strong>silvosisque</strong></span> <span class='ocrx_word' id='word_1_158' title='bbox 982 2281 1066 2344; x_wconf 90' lang='lat' dir='ltr'><strong>loeis</strong></span> 
     </span>
    </p>
   </div>
   <div class='ocr_carea' id='block_1_4' title="bbox 74 2361 347 2426">
    <p class='ocr_par' dir='ltr' id='par_1_5' title="bbox 74 2361 347 2426">
     <span class='ocr_line' id='line_1_24' title="bbox 74 2361 347 2426; baseline -0.007 0"><span class='ocrx_word' id='word_1_159' title='bbox 74 2361 185 2426; x_wconf 82' lang='lat' dir='ltr'><strong>stativa</strong></span> <span class='ocrx_word' id='word_1_160' title='bbox 205 2361 347 2425; x_wconf 85' lang='lat' dir='ltr'><strong>habenti.</strong></span> 
     </span>
    </p>
   </div>
   <div class='ocr_carea' id='block_1_5' title="bbox 71 2491 1260 3148">
    <p class='ocr_par' dir='ltr' id='par_1_6' title="bbox 71 2491 1260 3148">
     <span class='ocr_line' id='line_1_25' title="bbox 134 2491 1236 2580; baseline 0.002 -26"><span class='ocrx_word' id='word_1_161' title='bbox 134 2493 268 2556; x_wconf 80' lang='lat' dir='ltr'>LXXV.</span> <span class='ocrx_word' id='word_1_162' title='bbox 296 2491 430 2578; x_wconf 81' lang='lat' dir='ltr'><strong>Aliquot</strong></span> <span class='ocrx_word' id='word_1_163' title='bbox 456 2508 560 2558; x_wconf 83' lang='lat' dir='ltr'><strong>tamen</strong></span> <span class='ocrx_word' id='word_1_164' title='bbox 586 2491 657 2558; x_wconf 76' lang='lat' dir='ltr'><strong>dies</strong></span> <span class='ocrx_word' id='word_1_165' title='bbox 682 2495 818 2558; x_wconf 91' lang='lat' dir='ltr'><strong>militum</strong></span> <span class='ocrx_word' id='word_1_166' title='bbox 841 2493 995 2580; x_wconf 86' lang='lat' dir='ltr'><strong>patientia</strong></span> <span class='ocrx_word' id='word_1_167' title='bbox 1017 2505 1065 2556; x_wconf 91' lang='lat' dir='ltr'><strong>te·</strong></span> <span class='ocrx_word' id='word_1_168' title='bbox 1103 2499 1141 2554; x_wconf 79' lang='lat' dir='ltr'><strong>Et</strong></span> <span class='ocrx_word' id='word_1_169' title='bbox 1159 2501 1236 2557; x_wconf 79' lang='lat' dir='ltr'><strong>salter</strong></span> 
     </span>
     <span class='ocr_line' id='line_1_26' title="bbox 74 2567 1260 2662; baseline 0.005 -26"><span class='ocrx_word' id='word_1_170' title='bbox 74 2575 162 2636; x_wconf 72' lang='lat' dir='ltr'><strong>nnita</strong></span> <span class='ocrx_word' id='word_1_171' title='bbox 187 2573 274 2648; x_wconf 86' lang='lat' dir='ltr'><strong>inde,</strong></span> <span class='ocrx_word' id='word_1_172' title='bbox 295 2595 356 2657; x_wconf 90' lang='lat' dir='ltr'><strong>per</strong></span> <span class='ocrx_word' id='word_1_173' title='bbox 367 2575 514 2638; x_wconf 86' lang='lat' dir='ltr'><strong>tribunos</strong></span> <span class='ocrx_word' id='word_1_174' title='bbox 530 2577 758 2660; x_wconf 77' lang='lat' dir='ltr'><strong>imperatorem</strong></span> <span class='ocrx_word' id='word_1_175' title='bbox 770 2575 946 2662; x_wconf 83' lang='lat' dir='ltr'><strong>deprecati,</strong></span> <span class='ocrx_word' id='word_1_176' title='bbox 969 2567 1260 2657; x_wconf 60' lang='lat' dir='ltr'><strong>quumlfllmmtn·</strong></span> 
     </span>
     <span class='ocr_line' id='line_1_27' title="bbox 74 2651 1168 2742; baseline -0.001 -25"><span class='ocrx_word' id='word_1_177' title='bbox 74 2657 157 2718; x_wconf 88' lang='lat' dir='ltr'><strong>nihil</strong></span> <span class='ocrx_word' id='word_1_178' title='bbox 173 2653 387 2740; x_wconf 85' lang='lat' dir='ltr'><strong>proficerent,</strong></span> <span class='ocrx_word' id='word_1_179' title='bbox 409 2659 638 2720; x_wconf 82' lang='lat' dir='ltr'><strong>tumultuosius</strong></span> <span class='ocrx_word' id='word_1_180' title='bbox 656 2671 810 2742; x_wconf 87' lang='lat' dir='ltr'><strong>egerunt;</strong></span> <span class='ocrx_word' id='word_1_181' title='bbox 842 2653 955 2718; x_wconf 86' lang='lat' dir='ltr'><strong>lrullra</strong></span> <span class='ocrx_word' id='word_1_182' title='bbox 974 2651 1168 2716; x_wconf 53' lang='lat' dir='ltr'><strong>obre-⁹⁰⁸³*</strong></span> 
     </span>
     <span class='ocr_line' id='line_1_28' title="bbox 76 2736 1064 2822; baseline -0.004 -22"><span class='ocrx_word' id='word_1_183' title='bbox 76 2736 174 2800; x_wconf 84' lang='lat' dir='ltr'><strong>stante</strong></span> <span class='ocrx_word' id='word_1_184' title='bbox 193 2737 346 2811; x_wconf 87' lang='lat' dir='ltr'><strong>Lucullo,</strong></span> <span class='ocrx_word' id='word_1_185' title='bbox 376 2737 447 2800; x_wconf 78' lang='lat' dir='ltr'><strong>burro</strong></span> <span class='ocrx_word' id='word_1_186' title='bbox 468 2737 568 2822; x_wconf 78' lang='lat' dir='ltr'><strong>saltem</strong></span> <span class='ocrx_word' id='word_1_187' title='bbox 596 2759 746 2800; x_wconf 82' lang='lat' dir='ltr'><strong>extremum</strong></span> <span class='ocrx_word' id='word_1_188' title='bbox 771 2739 889 2800; x_wconf 80' lang='lat' dir='ltr'><strong>laborem</strong></span> <span class='ocrx_word' id='word_1_189' title='bbox 906 2737 1064 2819; x_wconf 67' lang='lat' dir='ltr'><strong>sterterent,</strong></span> 
     </span>
     <span class='ocr_line' id='line_1_29' title="bbox 75 2813 1064 2901; baseline -0.004 -23"><span class='ocrx_word' id='word_1_190' title='bbox 75 2825 158 2881; x_wconf 75' lang='lat' dir='ltr'><strong>detrec</strong></span> <span class='ocrx_word' id='word_1_191' title='bbox 178 2815 344 2901; x_wconf 72' lang='lat' dir='ltr'><strong>irq‘mfiffimi</strong></span> <span class='ocrx_word' id='word_1_192' title='bbox 363 2817 443 2898; x_wconf 78' lang='lat' dir='ltr'><em>bostis</em></span> <span class='ocrx_word' id='word_1_193' title='bbox 463 2841 681 2898; x_wconf 67' lang='lat' dir='ltr'><strong>mauruntum,</strong></span> <span class='ocrx_word' id='word_1_194' title='bbox 712 2818 788 2880; x_wconf 84' lang='lat' dir='ltr'><strong>velut</strong></span> <span class='ocrx_word' id='word_1_195' title='bbox 808 2819 923 2879; x_wconf 80' lang='lat' dir='ltr'><strong>alteram</strong></span> <span class='ocrx_word' id='word_1_196' title='bbox 946 2813 1064 2880; x_wconf 80' lang='lat' dir='ltr'><strong>Carrha-</strong></span> 
     </span>
     <span class='ocr_line' id='line_1_30' title="bbox 71 2897 1066 2982; baseline -0.002 -22"><span class='ocrx_word' id='word_1_197' title='bbox 71 2905 179 2982; x_wconf 82' lang='lat' dir='ltr'><strong>giuem‚</strong></span> <span class='ocrx_word' id='word_1_198' title='bbox 202 2897 367 2980; x_wconf 74' lang='lat' dir='ltr'><strong>euerriffme.</strong></span> <span class='ocrx_word' id='word_1_199' title='bbox 411 2904 490 2963; x_wconf 89' lang='lat' dir='ltr'><strong>Nam</strong></span> <span class='ocrx_word' id='word_1_200' title='bbox 505 2900 656 2964; x_wconf 82' lang='lat' dir='ltr'><strong>Artaxata</strong></span> <span class='ocrx_word' id='word_1_201' title='bbox 673 2899 834 2964; x_wconf 78' lang='lat' dir='ltr'><strong>contendi</strong></span> <span class='ocrx_word' id='word_1_202' title='bbox 851 2913 964 2962; x_wconf 87' lang='lat' dir='ltr'><strong>auctor</strong></span> <span class='ocrx_word' id='word_1_203' title='bbox 978 2899 1066 2962; x_wconf 88' lang='lat' dir='ltr'><strong>Han·</strong></span> 
     </span>
     <span class='ocr_line' id='line_1_31' title="bbox 75 2979 1067 3067; baseline 0.001 -27"><span class='ocrx_word' id='word_1_204' title='bbox 75 2981 163 3043; x_wconf 83' lang='lat' dir='ltr'><strong>nibal</strong></span> <span class='ocrx_word' id='word_1_205' title='bbox 181 2983 312 3042; x_wconf 86' lang='lat' dir='ltr'><strong>Poenus</strong></span> <span class='ocrx_word' id='word_1_206' title='bbox 332 2981 458 3054; x_wconf 86' lang='lat' dir='ltr'><strong>luerat,</strong></span> <span class='ocrx_word' id='word_1_207' title='bbox 487 3003 585 3067; x_wconf 90' lang='lat' dir='ltr'><strong>quum</strong></span> <span class='ocrx_word' id='word_1_208' title='bbox 604 2983 643 3046; x_wconf 80' lang='lat' dir='ltr'><strong>sal</strong></span> <span class='ocrx_word' id='word_1_209' title='bbox 657 2983 820 3044; x_wconf 76' lang='lat' dir='ltr'><strong>Artaxiam</strong></span> <span class='ocrx_word' id='word_1_210' title='bbox 837 2979 1067 3044; x_wconf 86' lang='lat' dir='ltr'><strong>Armeniorum</strong></span> 
     </span>
     <span class='ocr_line' id='line_1_32' title="bbox 76 3061 759 3148; baseline 0.007 -26"><span class='ocrx_word' id='word_1_211' title='bbox 76 3084 189 3146; x_wconf 85' lang='lat' dir='ltr'><strong>regem</strong></span> <span class='ocrx_word' id='word_1_212' title='bbox 207 3061 365 3147; x_wconf 86' lang='lat' dir='ltr'><strong>profugus</strong></span> <span class='ocrx_word' id='word_1_213' title='bbox 385 3065 489 3148; x_wconf 86' lang='lat' dir='ltr'><strong>patria</strong></span> <span class='ocrx_word' id='word_1_214' title='bbox 509 3084 546 3127; x_wconf 82' lang='lat' dir='ltr'><strong>se</strong></span> <span class='ocrx_word' id='word_1_215' title='bbox 566 3065 759 3128; x_wconf 81' lang='lat' dir='ltr'><strong>contulitret.</strong></span> 
     </span>
    </p>
   </div>
   <div class='ocr_carea' id='block_1_6' title="bbox 39 3193 1261 3908">
    <p class='ocr_par' dir='ltr' id='par_1_7' title="bbox 39 3193 1261 3520">
     <span class='ocr_line' id='line_1_33' title="bbox 39 3193 1261 3280; baseline -0.004 -26"><span class='ocrx_word' id='word_1_216' title='bbox 39 3194 43 3203; x_wconf 89' lang='lat'>&#39;</span> <span class='ocrx_word' id='word_1_217' title='bbox 136 3193 282 3258; x_wconf 77' lang='lat' dir='ltr'>LXXVI.</span> <span class='ocrx_word' id='word_1_218' title='bbox 304 3193 426 3277; x_wconf 78' lang='lat' dir='ltr'><strong>Igitur,</strong></span> <span class='ocrx_word' id='word_1_219' title='bbox 447 3213 509 3278; x_wconf 89' lang='lat' dir='ltr'><strong>per</strong></span> <span class='ocrx_word' id='word_1_220' title='bbox 526 3195 586 3256; x_wconf 88' lang='lat' dir='ltr'><strong>alia</strong></span> <span class='ocrx_word' id='word_1_221' title='bbox 608 3193 701 3278; x_wconf 86' lang='lat' dir='ltr'><strong>juga,</strong></span> <span class='ocrx_word' id='word_1_222' title='bbox 724 3215 818 3278; x_wconf 89' lang='lat' dir='ltr'><strong>quam</strong></span> <span class='ocrx_word' id='word_1_223' title='bbox 837 3204 990 3265; x_wconf 82' lang='lat' dir='ltr'><strong>venerat,</strong></span> <span class='ocrx_word' id='word_1_224' title='bbox 1013 3211 1067 3254; x_wconf 87' lang='lat' dir='ltr'><strong>re·</strong></span> <span class='ocrx_word' id='word_1_225' title='bbox 1088 3196 1261 3280; x_wconf 67' lang='lat' dir='ltr'><strong>,lucanaria</strong></span> 
     </span>
     <span class='ocr_line' id='line_1_34' title="bbox 75 3263 1254 3356; baseline -0.005 -18"><span class='ocrx_word' id='word_1_226' title='bbox 75 3274 176 3338; x_wconf 82' lang='lat' dir='ltr'><strong>ducto</strong></span> <span class='ocrx_word' id='word_1_227' title='bbox 195 3274 243 3336; x_wconf 85' lang='lat' dir='ltr'><strong>cis</strong></span> <span class='ocrx_word' id='word_1_228' title='bbox 261 3278 402 3336; x_wconf 83' lang='lat' dir='ltr'><strong>&#39;l&#39;aurum</strong></span> <span class='ocrx_word' id='word_1_229' title='bbox 419 3277 585 3350; x_wconf 85' lang='lat' dir='ltr'><strong>exercitu,</strong></span> <span class='ocrx_word' id='word_1_230' title='bbox 609 3277 797 3338; x_wconf 86' lang='lat' dir='ltr'><strong>imminente</strong></span> <span class='ocrx_word' id='word_1_231' title='bbox 814 3275 921 3338; x_wconf 88' lang='lat' dir='ltr'><strong>hieme</strong></span> <span class='ocrx_word' id='word_1_232' title='bbox 933 3273 1066 3356; x_wconf 83' lang='lat' dir='ltr'><strong>Mygdo·</strong></span> <span class='ocrx_word' id='word_1_233' title='bbox 1079 3263 1254 3348; x_wconf 61' lang='lat' dir='ltr'><strong>{daganum</strong></span> 
     </span>
     <span class='ocr_line' id='line_1_35' title="bbox 74 3347 1177 3441; baseline -0.005 -23"><span class='ocrx_word' id='word_1_234' title='bbox 74 3357 162 3418; x_wconf 89' lang='lat' dir='ltr'><strong>niam</strong></span> <span class='ocrx_word' id='word_1_235' title='bbox 182 3357 325 3428; x_wconf 85' lang='lat' dir='ltr'><strong>intrarit,</strong></span> <span class='ocrx_word' id='word_1_236' title='bbox 351 3355 455 3418; x_wconf 82' lang='lat' dir='ltr'><strong>fertili</strong></span> <span class='ocrx_word' id='word_1_237' title='bbox 474 3359 685 3432; x_wconf 88' lang='lat' dir='ltr'><strong>amoenitate,</strong></span> <span class='ocrx_word' id='word_1_238' title='bbox 706 3358 880 3441; x_wconf 84' lang='lat' dir='ltr'><strong>Nisibique</strong></span> <span class='ocrx_word' id='word_1_239' title='bbox 895 3355 975 3418; x_wconf 88' lang='lat' dir='ltr'><strong>urbe</strong></span> <span class='ocrx_word' id='word_1_240' title='bbox 991 3357 1067 3434; x_wconf 75' lang='lat' dir='ltr'><strong>(Au-</strong></span> <span class='ocrx_word' id='word_1_241' title='bbox 1079 3347 1177 3388; x_wconf 69' lang='lat' dir='ltr'><strong>mm·</strong></span> 
     </span>
     <span class='ocr_line' id='line_1_36' title="bbox 75 3436 1068 3520; baseline -0.002 -22"><span class='ocrx_word' id='word_1_242' title='bbox 75 3436 203 3498; x_wconf 70' lang='lat' dir='ltr'><strong>trachiam</strong></span> <span class='ocrx_word' id='word_1_243' title='bbox 220 3437 389 3519; x_wconf 78' lang='lat' dir='ltr'><strong>Mygdoniae</strong></span> <span class='ocrx_word' id='word_1_244' title='bbox 404 3437 523 3500; x_wconf 86' lang='lat' dir='ltr'><strong>Graeci</strong></span> <span class='ocrx_word' id='word_1_245' title='bbox 542 3441 673 3520; x_wconf 85' lang='lat' dir='ltr'><strong>vocant)</strong></span> <span class='ocrx_word' id='word_1_246' title='bbox 694 3440 847 3502; x_wconf 88' lang='lat' dir='ltr'><strong>nobilem.</strong></span> <span class='ocrx_word' id='word_1_247' title='bbox 890 3441 969 3502; x_wconf 82' lang='lat' dir='ltr'><strong>Eam</strong></span> <span class='ocrx_word' id='word_1_248' title='bbox 987 3438 1068 3497; x_wconf 87' lang='lat' dir='ltr'><strong>Par·</strong></span> 
     </span>
    </p>

    <p class='ocr_par' dir='ltr' id='par_1_8' title="bbox 72 3517 1067 3602">
     <span class='ocr_line' id='line_1_37' title="bbox 72 3517 1067 3602; baseline 0.002 -22"><span class='ocrx_word' id='word_1_249' title='bbox 72 3519 142 3580; x_wconf 87' lang='lat' dir='ltr'><strong>this</strong></span> <span class='ocrx_word' id='word_1_250' title='bbox 163 3539 261 3601; x_wconf 91' lang='lat' dir='ltr'><strong>quum</strong></span> <span class='ocrx_word' id='word_1_251' title='bbox 281 3517 447 3582; x_wconf 79' lang='lat' dir='ltr'><strong>ademill&#39;et</strong></span> <span class='ocrx_word' id='word_1_252' title='bbox 463 3521 640 3602; x_wconf 74' lang='lat' dir='ltr'><strong>Tigranen,</strong></span> <span class='ocrx_word' id='word_1_253' title='bbox 671 3519 895 3582; x_wconf 76' lang='lat' dir='ltr'><strong>thesaurorum</strong></span> <span class='ocrx_word' id='word_1_254' title='bbox 917 3530 1067 3590; x_wconf 75' lang='lat' dir='ltr'><strong>suorum,</strong></span> 
     </span>
    </p>

    <p class='ocr_par' dir='ltr' id='par_1_9' title="bbox 73 3599 1131 3686">
     <span class='ocr_line' id='line_1_38' title="bbox 73 3599 1131 3686; baseline 0 -26"><span class='ocrx_word' id='word_1_255' title='bbox 73 3601 210 3661; x_wconf 87' lang='lat' dir='ltr'><strong>aliarum</strong></span> <span class='ocrx_word' id='word_1_256' title='bbox 235 3619 275 3661; x_wconf 91' lang='lat' dir='ltr'><strong>ue</strong></span> <span class='ocrx_word' id='word_1_257' title='bbox 295 3619 425 3674; x_wconf 88' lang='lat' dir='ltr'><strong>rerum,</strong></span> <span class='ocrx_word' id='word_1_258' title='bbox 448 3599 726 3686; x_wconf 83' lang='lat' dir='ltr'><strong>quaa·diligeute1·</strong></span> <span class='ocrx_word' id='word_1_259' title='bbox 746 3600 913 3663; x_wconf 85' lang='lat' dir='ltr'><strong>adservari</strong></span> <span class='ocrx_word' id='word_1_260' title='bbox 937 3611 1069 3685; x_wconf 88' lang='lat' dir='ltr'><strong>oporte·</strong></span> <span class='ocrx_word' id='word_1_261' title='bbox 1128 3673 1131 3679; x_wconf 23' lang='grc' dir='ltr'><strong><em>Ι</em></strong></span> 
     </span>
    </p>

    <p class='ocr_par' dir='ltr' id='par_1_10' title="bbox 70 3621 1069 3766">
     <span class='ocr_line' id='line_1_39' title="bbox 70 3621 1069 3766; baseline 0 -24"><span class='ocrx_word' id='word_1_262' title='bbox 70 3681 149 3754; x_wconf 85' lang='lat' dir='ltr'><strong>bat,</strong></span> <span class='ocrx_word' id='word_1_263' title='bbox 174 3621 345 3744; x_wconf 61' lang='lat' dir='ltr'><strong>ochodiam</strong></span> <span class='ocrx_word' id='word_1_264' title='bbox 363 3681 618 3760; x_wconf 78' lang='lat' dir='ltr'><strong>lecerat,‚Gura</strong></span> <span class='ocrx_word' id='word_1_265' title='bbox 639 3684 741 3746; x_wconf 88' lang='lat' dir='ltr'><strong>lratrc</strong></span> <span class='ocrx_word' id='word_1_266' title='bbox 762 3682 961 3766; x_wconf 79' lang='lat' dir='ltr'><strong>praeposito.</strong></span> <span class='ocrx_word' id='word_1_267' title='bbox 1003 3681 1069 3742; x_wconf 88' lang='lat' dir='ltr'><strong>Eo·</strong></span> 
     </span>
    </p>

    <p class='ocr_par' dir='ltr' id='par_1_11' title="bbox 72 3762 1192 3908">
     <span class='ocr_line' id='line_1_40' title="bbox 72 3762 1192 3847; baseline -0.002 -23"><span class='ocrx_word' id='word_1_268' title='bbox 72 3762 151 3824; x_wconf 87' lang='lat' dir='ltr'><strong>dem</strong></span> <span class='ocrx_word' id='word_1_269' title='bbox 179 3783 285 3847; x_wconf 87' lang='lat' dir='ltr'><strong>nuper</strong></span> <span class='ocrx_word' id='word_1_270' title='bbox 305 3762 518 3826; x_wconf 78' lang='lat' dir='ltr'><strong>Callimachus</strong></span> <span class='ocrx_word' id='word_1_271' title='bbox 539 3781 691 3840; x_wconf 83' lang='lat' dir='ltr'><strong>venerat,</strong></span> <span class='ocrx_word' id='word_1_272' title='bbox 723 3764 780 3826; x_wconf 88' lang='lat' dir='ltr'><strong>diu</strong></span> <span class='ocrx_word' id='word_1_273' title='bbox 802 3765 935 3828; x_wconf 81' lang='lat' dir='ltr'><strong>defensa</strong></span> <span class='ocrx_word' id='word_1_274' title='bbox 959 3775 1071 3826; x_wconf 87' lang='lat' dir='ltr'><strong>contra</strong></span> <span class='ocrx_word' id='word_1_275' title='bbox 1188 3773 1192 3782; x_wconf 87' lang='lat'>&#39;</span> 
     </span>
     <span class='ocr_line' id='line_1_41' title="bbox 72 3843 860 3908; baseline 0 -2"><span class='ocrx_word' id='word_1_276' title='bbox 72 3844 249 3906; x_wconf 85' lang='lat' dir='ltr'><strong>Lucullum</strong></span> <span class='ocrx_word' id='word_1_277' title='bbox 266 3843 379 3906; x_wconf 88' lang='lat' dir='ltr'><strong>Amiso</strong></span> <span class='ocrx_word' id='word_1_278' title='bbox 397 3845 518 3908; x_wconf 91' lang='lat' dir='ltr'><strong>notior.</strong></span> <span class='ocrx_word' id='word_1_279' title='bbox 855 3879 860 3886; x_wconf 93' lang='lat'>·</span> 
     </span>
    </p>
   </div>
   <div class='ocr_carea' id='block_1_7' title="bbox 73 4041 1068 4187">
    <p class='ocr_par' dir='ltr' id='par_1_12' title="bbox 73 4041 1068 4187">
     <span class='ocr_line' id='line_1_42' title="bbox 110 4041 1068 4124; baseline 0.005 -28"><span class='ocrx_word' id='word_1_280' title='bbox 110 4041 187 4117; x_wconf 85' lang='lat' dir='ltr'><strong>Cap.</strong></span> <span class='ocrx_word' id='word_1_281' title='bbox 198 4043 328 4102; x_wconf 81' lang='lat' dir='ltr'><strong>Llllllll.</strong></span> <span class='ocrx_word' id='word_1_282' title='bbox 345 4043 414 4103; x_wconf 83' lang='lat' dir='ltr'><strong>Diu.</strong></span> <span class='ocrx_word' id='word_1_283' title='bbox 428 4047 505 4103; x_wconf 85' lang='lat' dir='ltr'><strong>Plut.</strong></span> <span class='ocrx_word' id='word_1_284' title='bbox 521 4047 651 4124; x_wconf 83' lang='lat' dir='ltr'><strong>Phlegon</strong></span> <span class='ocrx_word' id='word_1_285' title='bbox 662 4043 741 4121; x_wconf 85' lang='lat' dir='ltr'><strong>apud</strong></span> <span class='ocrx_word' id='word_1_286' title='bbox 752 4045 836 4104; x_wconf 84' lang='lat' dir='ltr'><strong>Phot.</strong></span> <span class='ocrx_word' id='word_1_287' title='bbox 858 4047 930 4121; x_wconf 83' lang='lat' dir='ltr'><strong>Cap.</strong></span> <span class='ocrx_word' id='word_1_288' title='bbox 941 4043 1068 4106; x_wconf 77' lang='lat' dir='ltr'><strong>txxlv.</strong></span> 
     </span>
     <span class='ocr_line' id='line_1_43' title="bbox 73 4113 1054 4187; baseline 0.004 -20"><span class='ocrx_word' id='word_1_289' title='bbox 73 4113 154 4168; x_wconf 77' lang='lat' dir='ltr'><strong>rtur.</strong></span> <span class='ocrx_word' id='word_1_290' title='bbox 191 4115 407 4187; x_wconf 80' lang='lat' dir='ltr'><strong>cap.LxxV1.</strong></span> <span class='ocrx_word' id='word_1_291' title='bbox 428 4117 515 4174; x_wconf 77' lang='lat' dir='ltr'><strong>Oros.</strong></span> <span class='ocrx_word' id='word_1_292' title='bbox 531 4121 557 4186; x_wconf 87' lang='lat'><strong>6,</strong></span> <span class='ocrx_word' id='word_1_293' title='bbox 572 4120 599 4176; x_wconf 75' lang='lat'><strong>3.</strong></span> <span class='ocrx_word' id='word_1_294' title='bbox 619 4118 696 4172; x_wconf 80' lang='lat' dir='ltr'><strong>Plu.</strong></span> <span class='ocrx_word' id='word_1_295' title='bbox 715 4116 785 4176; x_wconf 84' lang='lat' dir='ltr'><strong>nio.</strong></span> <span class='ocrx_word' id='word_1_296' title='bbox 806 4115 883 4174; x_wconf 74' lang='lat' dir='ltr'><strong>elur.</strong></span> <span class='ocrx_word' id='word_1_297' title='bbox 1043 4145 1054 4160; x_wconf 64' lang='grc'><strong>’-</strong></span> 
     </span>
    </p>
   </div>
   <div class='ocr_carea' id='block_1_8' title="bbox 0 0 1374 4688">
    <p class='ocr_par' dir='ltr' id='par_1_13' title="bbox 0 0 1374 4688">
     <span class='ocr_line' id='line_1_44' title="bbox 0 0 1374 4688; baseline 0 0"><span class='ocrx_word' id='word_1_298' title='bbox 0 0 1374 4688; x_wconf 95' lang='lat' dir='ltr'><strong> </strong></span> 
     </span>
    </p>
   </div>
  </div>
 </body>
</html>
