2666 4688
322 269 363 336 de
402 261 1106 346 Faetrsnumtsoretenanrontm
1116 269 1286 336 Laxta.

164 486 200 543 ll.
211 501 237 540 a.
247 483 309 542 tea.
324 491 481 562 ponatur,
505 497 570 564 quo
583 491 685 564 regna·
698 477 753 540 illa
769 477 859 558 jure,
887 477 1003 562 quibua
1022 475 1139 541 linibus
1157 493 1223 541 tum
1238 479 1313 541 lue·

48 621 50 626 .
162 551 296 612 Adi-8³·
325 559 414 633 rint,
448 563 592 646 quasque
612 561 761 622 nationes
782 560 879 620 urbes
906 580 946 620 ue
973 559 1146 622 habuerint
1162 561 1313 622 inlunio-

324 661 400 716 rea,
424 644 569 704 enarrari
586 661 705 728 operae
723 641 864 726 pretium
879 579 980 702 lquerit
994 611 1315 705 Mithridaticaltella

325 722 478 796 lectaria,
501 745 581 808 quae
595 724 680 786 haud
697 722 887 820 poliremam
905 721 1057 785 historiae
1068 726 1314 810 Romanaepar·

323 817 407 879 tem,
430 805 519 868 illiua
541 805 672 889 quidem
690 827 780 880 aevi,
811 801 1016 867 constituunt.

136 930 310 1054 ,testi
324 909 1316 1076 a,lbilttlttilfttttlt:tttttttttlttt

143 1084 239 1123 ΝΜ
270 1083 311 1121 7⁶·
325 1074 467 1144 alluitur}
487 1071 526 1133 ab
542 1093 582 1134 eo
599 1073 678 1134 mari
691 1075 940 1158 appellationem
950 1071 1032 1156 apud
1042 1087 1171 1136 veteres
1184 1091 1316 1138 nactum

38 1179 42 1192 ·
137 1153 254 1220 vimi*
266 1135 380 1226 hest,
399 1156 756 1217 utPontuaiocaretur.
793 1155 1317 1252 PropiusHeracleamflitbyniae

139 1217 264 1276 '‘⁸7⁸⁸'‘
324 1235 530 1315 conjunctum
551 1238 656 1298 Ponto
678 1257 815 1320 regnum
833 1237 914 1309 suit,
946 1235 986 1296 ad
1002 1237 1320 1322 Propontidemfde·

306 1315 472 1387 ,sscctena
515 1317 559 1378 At
575 1318 742 1380 'orientem
761 1318 873 1381 versus
890 1317 1091 1404 Cappadocia
1108 1319 1141 1379 in
1158 1321 1318 1382 mediter-

323 1419 422 1460 ranea
439 1417 657 1482 procurrens,
689 1400 768 1464 inde
783 1399 951 1472 Armenia,
981 1399 1020 1459 ad
1040 1399 1209 1481 meridiem
1229 1407 1320 1464 'Pnu-

322 1500 363 1542 ro
383 1479 492 1542 monte
510 1480 711 1544 terminatur.
753 1485 843 1544 luter
860 1479 936 1541 Bitb
958 1493 1129 1578 noratque
1147 1485 1320 1568 Cappado-

216 1583 219 1598 ¹
324 1581 380 1624 cea
400 1560 477 1623 itas
496 1560 564 1622 arla
579 1575 649 1624 erat
668 1563 802 1634 Galatia,
824 1575 859 1622 ut
875 1561 914 1622 ab
933 1501 1152 1646 lepteutrrone
1172 1567 1321 1628 Pontum

323 1657 358 1706 et
377 1583 646 1786 Papbldffioniam,
680 1644 792 1722 (Ponti
814 1643 900 1706 enim
917 1663 999 1726 para
1015 1645 1110 1706 etiam
1131 1646 1322 1730 Paphlago·

323 1726 377 1788 nia
404 1743 464 1786 nec
489 1745 506 1786 a
530 1723 624 1786 lurda
651 1725 775 1786 censeri
802 1719 920 1810 potest)
947 1727 1121 1790 ameridie
1141 1727 1323 1813 Phrygiam

301 1813 302 1822 ’
323 1805 579 1890 Lycaoniumque
600 1808 816 1890 contingeret.

173 1991 311 2065 emat
325 1915 515 2057 atilli,
528 1911 650 2078 litt:
666 1911 989 2080 dimittat
1000 1913 1325 2082 liiiililild

151 2062 311 2136 dudm·
325 2075 462 2160 padocia
482 2074 661 2148 dicebatur,
683 2078 717 2136 in
736 2077 813 2141 duaa
826 2015 935 2138 ⁴divisa
953 2078 1184 2161 praefecturae,
1206 2078 1326 2162 postea

323 2157 463 2219 totidem
487 2177 587 2239 regna
613 2159 759 2240 peperit:
790 2178 926 2244 quorum
954 2160 1089 2221 alterum
1111 2159 1329 2244 Cappadocia

324 2239 481 2336 proprie,
511 2251 565 2298 aut
587 2257 657 2300 cum
677 2239 856 2322 adjectione
876 2241 941 2325 Cap
967 2241 1077 2311 adoaia
1095 2240 1135 2302 ad
1152 2245 1326 2313 laurum,

325 2319 489 2382 interdum
507 2334 541 2381 et
552 2323 667 2403 Magna
687 2321 906 2408 Cappadocia3
928 2263 1065 2384 alterum
1082 2325 1232 2396 Pontus,
1260 2323 1328 2387 lire

327 2401 528 2486 Cappadocia
548 2403 683 2466 Pontica
700 2405 809 2489 coepit
826 2405 996 2468 nominari.

176 2517 294 2588 Materte
391 2507 507 2572 xx1v.
532 2509 652 2570 Priore
670 2509 893 2595 praefecturae
912 2509 1024 2572 decem
1049 2500 1328 2573 continebanturt

164 2587 318 2658 frustm·
329 2607 464 2730 puarum
482 2589 539 2650 sub
559 2593 667 2653 'I'auro
685 2605 777 2654 erant
799 2593 972 2665 Melitera,
996 2593 1163 2664 Cataonia,
1187 2593 1328 2668 Cilicia,

162 2671 222 2711 W·
350 2670 494 2752 'yanitia,
519 2685 556 2734 et·
567 2673 771 2735 Garsauritis.
813 2674 985 2746 Melitera,
1008 2675 1128 2736 ceteris
1147 2673 1328 2757 Cappado·

331 2754 400 2814 ciac
423 2753 569 2837 partibus
595 2755 722 2826 mitior,
762 2754 827 2816 olei
844 2775 973 2840 quoque
989 2770 1022 2818 et
1041 2755 1254 2840 vinioptimi
1280 2759 1328 2819 fet

328 2855 404 2908 rax,
426 2836 599 2898 Araneolae
615 2836 731 2916 majori
747 2836 981 2919 praetenditur,
1003 2859 1019 2898 a
1037 2835 1207 2922 Sophenac
1225 2859 1327 2922 prae·

328 2917 455 2980 sectura
482 2917 590 2978 medio
615 2920 663 2978 Eu
689 2917 779 2979 hrate
804 2917 920 2986 divisa,
958 2923 1080 2980 Nomen
1104 2919 1180 2982 huic
1205 2923 1327 2983 Melita

326 2997 433 3069 dedit,
456 3019 472 3058 a
495 2941 730 3070 Semiramide,
754 3011 789 3060 ut
803 3001 931 3074 volunt,
954 2999 1092 3062 condita.
1135 3003 1251 3062 Trana
1268 3003 1327 3064 llu

326 3100 401 3140 men
421 3079 516 3141 etiam
536 3081 575 3141 ad
593 3079 675 3150 hauc
696 3094 820 3164 partem
839 3081 965 3144 Tomila
985 3083 1238 3166 pertinuerunt,
1284 3086 1327 3146 in

327 3159 414 3244 ligne
448 3157 618 3223 castellum.
663 3163 834 3226 Cataoniae
864 3164 951 3224 inter
980 3167 1134 3226 Amanum
1160 3177 1194 3224 ct
1227 3166 1327 3229 Anii}

325 3255 451 3306 taurum
479 3245 523 3306 ita
549 3243 700 3327 planities
720 3247 857 3307 Comana
883 3245 1012 3318 habuit,
1053 3247 1213 3308 Bellonae
1247 3259 1327 3316 tem,

326 3325 383 3408 plo
400 3325 609 3388 memorabile
629 3347 768 3398 nomen,
786 3342 824 3390 et
840 3327 1002 3411 Apollinis
1022 3327 1169 3390 Cataonia
1186 3327 1327 3392 fanum*

329 3404 454 3470 castella
473 3407 507 3468 in
528 3409 690 3470 montibus
708 3409 847 3482 munita,
870 3411 1029 3470 Azamora
1046 3422 1078 3469 at
1095 3407 1317 3476 Dastarcum.

176 3519 292 3578 llum
386 3515 489 3580 XXV.
512 3513 625 3578 Cilicia
648 3536 729 3601 quae
755 3515 928 3580 vocabatur
945 3515 1167 3600 Cappadociae
1185 3519 1326 3598 praese

140 3594 437 3670 nvitmlwtura,
472 3595 547 3658 sede
566 3617 680 3681 regum
697 3597 864 3659 nobilitata
881 3593 943 3657 luit
961 3599 1118 3658 Maaacisa
1151 3618 1258 3694 quam
1282 3625 1326 3666 ur

326 3679 402 3741 bem
421 3675 529 3762 polica
551 3681 705 3760 Caejnream
723 3692 879 3742 vocarunt
903 3677 1128 3762 Cappadoces,
1158 3701 1192 3740 ru
1218 3679 1326 3750 dicta

327 3762 411 3824 toria
440 3759 584 3823 Caclbria
611 3759 780 3823 bonorem.
823 3761 935 3822 Altera
963 3759 1112 3836 urbium,
1141 3781 1218 3822 nam
1246 3765 1326 3832 dua

1168 3848 1301 3910 omni.

330 3947 668 3970 mun—n·-

360 3999 433 4074 Cap.
450 3995 554 4056 lilllll.
582 3995 690 4080 §traho
712 3993 732 4052 l.
758 4015 799 4054 ra.
822 3993 887 4056 init.
911 3999 1087 4065 Constantia.
1110 3997 1277 4128 Porphyr.
1310 4007 1325 4062 ὁ

330 4069 432 4126 Pham,
461 4068 481 4126 l.
499 4087 525 4126 a.
550 4065 625 4124 Plan.
642 4073 669 4125 b·
686 4070 712 4127 d·
748 4067 821 4144 Cap.
846 4071 950 4130 xxiv.
979 4071 1102 4126 Ptolem.
1119 4071 1147 4126 5.
1190 4104 1199 4123 ·
1225 4071 1325 4134 Solii

322 4155 352 4212 ,οι
368 4143 412 4208 la·
