2680 4690
72 483 239 546 consultum
266 489 407 570 putabat.
460 493 520 564 Et,
559 494 634 576 quia
663 493 920 558 chalcedonensi
972 522 993 560 u
1015 521 1054 562 na
1085 501 1230 570 dudod-

73 567 210 644 Cyziceni
240 569 353 632 decem
376 591 474 634 ttavcs
497 592 569 634 oum
594 575 697 636 tribus
722 575 887 638 hominum
911 521 1054 644 millibus
1084 572 1214 640 Mbtl·

24 667 27 730 y
70 650 246 722 atnilerant,
269 665 358 714 tanto
377 655 508 716 facilior
526 669 596 718 erat
614 655 720 718 lutura
739 657 829 718 urbis
847 663 1052 758 expugnatio.

24 733 26 766 ²
69 733 198 812 pretium
219 747 327 794 autem
348 755 486 818 operae,
511 737 539 799 si
555 739 690 818 Cyzicus
707 753 797 823 capta
818 740 914 814 effet,
937 765 1053 826 ingena

70 809 304 878 ostendebatur:
337 831 388 888 et,
419 816 478 880 ltao
506 819 596 882 volut
624 819 717 900 janua
744 821 841 882 Asiae
870 823 1052 908 pcrlraota,
1162 845 1170 866 ¹

70 893 200 955 futurum
216 911 303 969 erat,
326 912 362 960 ut
378 899 496 960 victori
512 913 580 962 tota
618 901 763 964 rovtncia
778 916 916 986 pateret.
947 908 1053 970 Acce-

21 1019 23 1026 ,
70 975 170 1046 debat,
192 979 282 1121 quod
301 981 345 1042 ita
364 981 471 1042 omnia
490 982 530 1042 ad
551 923 664 1044 urbem
684 985 791 1045 clausa
811 984 928 1048 itinera
948 1003 1050 1063 erant,
1140 1017 1144 1024 ·

69 1072 98 1116 ut
115 1059 189 1142 appi
215 1065 286 1135 ani,
319 1063 397 1124 licet
419 1063 454 1124 in
477 1063 652 1148 conspectu
676 1065 834 1128 haberent
852 1070 980 1132 Luculli
999 1090 1052 1133 ca·
1161 1069 1163 1076 '

69 1137 135 1210 llra,
156 1155 282 1216 tamen,
305 1143 361 1204 ubi
383 1145 482 1219 ellet,
504 1147 705 1230 ignorarent.
811 1183 815 1190 ·

119 1267 156 1328 x.
186 1263 319 1351 Quippe
340 1267 493 1348 Cyziceni
516 1270 549 1331 in
572 1289 611 1332 co
636 1270 766 1332 nomine
790 1269 891 1334 insula
912 1269 951 1332 ad
968 1273 1051 1336 Pro·
1086 1279 1211 1350 optant

64 1349 222 1430 pontidem
245 1349 414 1426 colebant3
447 1363 480 1414 et
498 1291 723 1422 Mithridates,
745 1353 847 1414 milite
866 1351 1049 1427 abundans,
1062 1359 1140 1402 Μ’
1156 1350 1239 1402 ⁸⁸⁷¹·

65 1429 167 1492 decem
188 1446 312 1496 eterra
332 1428 442 1494 callais
467 1431 622 1516 oppidum
646 1433 831 1496 adsidebat:
863 1449 896 1497 et
922 1433 961 1496 ad
982 1435 1049 1497 sre-
1063 1431 1111 1488 μ’
1126 1416 1223 1472 ‘'m'’

64 1528 143 1584 tum,
172 1533 237 1598 quo
258 1535 275 1574 a
294 1513 476 1576 continenti
495 1511 678 1590 dirimitur,
708 1530 848 1612 utroque
872 1517 973 1580 intere
994 1539 1051 1580 na-

64 1617 113 1656 yos
130 1595 383 1679 quadringentas
404 1597 606 1680 admoverat:
631 1611 663 1660 ct
677 1596 818 1668 barbara,
840 1599 982 1670 Romano
997 1619 1051 1662 ca·

63 1675 115 1738 lira
139 1677 244 1762 digito
270 1675 501 1752 monstrantes,
532 1677 674 1742 obsell'os
702 1677 855 1740 horribili
879 1679 1049 1742 mendacio

63 1759 238 1834 terrebant,
269 1761 498 1822 Armeniorum
518 1761 754 1846 Medorumque
776 1761 881 1824 mill'as
901 1759 1049 1846 a'l'igra·

61 1863 97 1902 ne
113 1841 223 1924 copias
245 1842 292 1904 ibi
313 1841 491 1904 consedille
513 1841 710 1906 dictitantes.
760 1847 832 1905 Non
859 1858 964 1906 tamen
991 1843 1050 1906 de·

60 1923 438 2007 sponderentanimum,
472 1943 663 2008 quamquam
691 1945 811 1986 summa
839 1925 1049 1988 contentione

61 2005 268 2090 omnibusque
292 2005 419 2070 viribus
447 2021 724 2090 oppugnarentur.
767 2007 895 2068 Etenim
917 2007 1049 2068 Mithri-

60 2085 164 2160 dates,
188 2103 284 2172 capto
303 2087 481 2160 suburbio,
503 2089 627 2150 navalia
644 2087 767 2173 duplici
786 2109 879 2149 muro
898 2087 1049 2172 obleplc·

59 2185 119 2232 rat:
151 2181 203 2241 et,
233 2171 358 2256 reliqua
378 2170 459 2232 urbo
480 2171 741 2244 circumvallata,
771 2189 904 2252 magnos
927 2169 1049 2232 cxcita-

57 2251 106 2314 bat
132 2273 293 2336 aggeres,
325 2251 451 2336 aliaque
479 2273 579 2336 opera
604 2253 703 2314 multa
727 2249 864 2314 ssudiol'e
888 2251 1048 2330 faciebat5

58 2349 160 2396 turres
178 2349 212 2396 et
230 2333 417 2404 testudines,
441 2349 473 2412 ct
487 2334 650 2418 insignem
671 2347 744 2396 ante
760 2334 839 2396 alias
856 2331 1048 2408 machinam,

57 2431 180 2478 centum
203 2419 387 2480 cubitorum
406 2415 591 2500 helepolin,
622 2437 641 2478 e
662 2437 723 2500 qua
746 2415 850 2478 turris
871 2415 932 2478 alia
950 2417 1048 2480 tolle-

55 2497 164 2570 batur,
193 2499 364 2584 catapultis
387 2497 558 2572 inssructa,
590 2519 673 2584 quae
692 2499 832 2559 telorum
856 2511 890 2559 et
908 2497 1051 2583 lapidum

55 2581 305 2724 quaqpaversum
333 2581 421 2642 velut
448 2581 586 2642 imbrem
615 2601 691 2665 spar
715 2593 829 2651 erent,
868 2579 1051 2642 Niconidae

55 2661 119 2723 The
146 2663 190 2724 ali
212 2685 306 2748 opus.
350 2661 401 2724 Ad
422 2677 537 2750 portus
556 2683 659 2747 porro
704 2681 763 2723 uae
783 2660 1049 2748 quinqueremes,

54 2743 136 2806 inter
150 2765 189 2808 se
208 2743 347 2808 firmiter
367 2743 555 2818 devinctae,
587 2744 680 2806 aliam
703 2742 821 2806 turrim
842 2739 1049 2815 sustinebant,

53 2825 93 2886 ita
111 2826 319 2898 fabricatam,
350 2819 406 2900 ut,
437 2828 492 2889 ubi
516 2845 610 2892 muro
632 2825 759 2888 admota
779 2823 875 2900 ell‘ct,
907 2843 991 2910 pons
1010 2843 1052 2886 ex
1129 2881 1133 2892 ,

53 2927 86 2968 aa
104 2907 231 2972 demitti
253 2909 361 2972 subito
378 2909 412 2970 in
432 2909 560 2972 moenia
578 2909 692 2994 pollet.

108 3016 162 3076 ttt.
194 3016 257 3077 llis
279 3013 429 3078 omnibus
448 3016 590 3100 paratis,
619 3030 787 3100 antequam
807 3011 873 3074 vim
891 3025 1044 3087 tentaret,
1071 3013 1245 3078 atteteritur
1323 3073 1324 3079 χ

51 3097 192 3179 captivos
218 3098 452 3178 Cyzicenorum
483 3117 596 3162 omnes
625 3098 659 3160 in
684 3097 890 3196 conspectum
913 3115 1045 3158 suorum
1054 3086 1224 3158 fimum·
1322 3111 1323 3181 3

50 3178 195 3252 adduxit,
217 3200 353 3264 sperans
376 3180 509 3242 illorum
532 3181 666 3244 caritate
687 3179 897 3262 lacrimisque
919 3177 1046 3240 moveri

49 3261 87 3320 ad
102 3261 305 3324 deditionem
323 3261 505 3346 oppidanos
521 3263 621 3346 polle.
666 3261 733 3325 Sed
753 3259 847 3332 illos,
870 3259 969 3320 multa
987 3277 1046 3322 ne·
1321 3253 1322 3285 ¹

50 3343 219 3428 quidquam
238 3342 452 3418 obtestantes,
474 3341 674 3417 Pisistratus,
697 3344 931 3426 Cyzicenorum
950 3361 1046 3424 prae·
1319 3317 1321 3410 i

49 3437 118 3499 tor,
149 3425 287 3488 abstinere
303 3425 372 3488 nibil
389 3426 548 3508 profuturis
568 3425 692 3510 precibus
706 3425 812 3507 jullit3
841 3443 886 3496 er,
910 3427 965 3504 pust
983 3443 1046 3482 uam
1123 3460 1132 3490 ,
1317 3415 1320 3491 l

40 3507 122 3590 fimet
146 3511 176 3568 ic
199 3509 356 3590 potestatem
380 3509 494 3588 {testium
515 3505 665 3590 oeruffeut,
692 3513 812 3593 sortiter
826 3509 912 3592 serre
933 3529 947 3568 c
975 3507 1045 3566 ami·

42 3611 139 3652 delmi.
1123 3609 1134 3640 t

103 3699 173 3760 xtt.
197 3695 255 3760 Sic
272 3695 405 3782 exploso
425 3712 608 3762 commento
626 3697 735 3784 regis,
757 3695 797 3760 ad
813 3695 929 3758 seriam
948 3689 1043 3754 dimi·
1077 3697 1202 3770 opticeat

42 3783 206 3844 rationem
228 3793 378 3878 ventum:
399 3779 486 3876 'quis
509 3781 677 3865 progrella
703 3781 736 3842 in
761 3777 897 3842 navibus
920 3769 1156 3893 ¹.¹¹¹'¹]i⁸'ff''⁸“‘
1175 3787 1205 3822 u

41 3875 144 3948 ponte
165 3862 340 3926 moenibus
360 3875 502 3944 anyecto,
535 3877 674 3947 quatuor
696 3875 835 3926 armatos
856 3879 959 3923 murts
983 3877 1043 3918 tm.
1074 3836 1213 3905 'sud-¹¹⁸·

76 4055 150 4127 Gap.
167 4052 218 4107 ttt.
246 4051 325 4107 Plut.
343 4051 456 4106 bucull.
477 4069 504 4106 c.
523 4069 566 4111 rc.
593 4049 656 4106 etc.
701 4041 740 4106 ro¹
757 4051 836 4106 Mur.
854 4067 882 4107 c.
899 4049 941 4105 15·
964 4045 1043 4102 Plut.

41 4123 111 4196 Cap.
136 4125 173 4178 X.
199 4121 322 4178 Strabo.
346 4124 423 4178 Plot.
443 4121 564 4176 Strabo.
582 4119 660 4176 Plut.
732 4118 797 4176 alto.
817 4115 945 4190 Appian.
966 4117 1042 4173 Plut.
1121 4199 1126 4213 Ι

44 4192 169 4268 Appias.
206 4191 285 4266 Cap.
299 4191 348 4250 tu.
364 4190 501 4248 Frontin.
521 4189 612 4248 Strat.
627 4195 655 4262 l,
672 4193 700 4252 ὅ.
718 4207 762 4248 at.
782 4186 911 4263 Appiam
