<?xml version="1.0" encoding="UTF-8"?>
<!DOCTYPE html PUBLIC "-//W3C//DTD XHTML 1.0 Transitional//EN"
    "http://www.w3.org/TR/xhtml1/DTD/xhtml1-transitional.dtd">
<html xmlns="http://www.w3.org/1999/xhtml" xml:lang="en" lang="en">
 <head>
  <title>
</title>
<meta http-equiv="Content-Type" content="text/html;charset=utf-8" />
  <meta name='ocr-system' content='tesseract 3.04.00' />
  <meta name='ocr-capabilities' content='ocr_page ocr_carea ocr_par ocr_line ocrx_word'/>
</head>
<body>
  <div class='ocr_page' id='page_1' title='image "./tliviipatavinih04drakgoog_0630.png"; bbox 0 0 2702 4694; ppageno 0'>
   <div class='ocr_carea' id='block_1_1' title="bbox 154 207 1117 346">
    <p class='ocr_par' dir='ltr' id='par_1_1' title="bbox 154 207 1117 346">
     <span class='ocr_line' id='line_1_1' title="bbox 154 207 1117 346; baseline -0.001 -12"><span class='ocrx_word' id='word_1_1' title='bbox 154 247 187 306; x_wconf 86' lang='lat'><strong>·&#39;</strong></span> <span class='ocrx_word' id='word_1_2' title='bbox 257 207 851 346; x_wconf 74' lang='lat' dir='ltr'><strong>m·uoecir1.1a.·cv.m&#39;v11.·</strong></span> <span class='ocrx_word' id='word_1_3' title='bbox 884 277 889 298; x_wconf 79' lang='grc'><em>·</em></span> <span class='ocrx_word' id='word_1_4' title='bbox 926 237 937 280; x_wconf 73' lang='grc'>’</span> <span class='ocrx_word' id='word_1_5' title='bbox 979 233 1050 332; x_wconf 73' lang='lat' dir='ltr'><strong>aad</strong></span> <span class='ocrx_word' id='word_1_6' title='bbox 1114 326 1117 333; x_wconf 89' lang='lat'><strong>.</strong></span> 
     </span>
    </p>
   </div>
   <div class='ocr_carea' id='block_1_2' title="bbox 44 429 1280 706">
    <p class='ocr_par' dir='ltr' id='par_1_2' title="bbox 44 429 1280 706">
     <span class='ocr_line' id='line_1_2' title="bbox 45 429 1280 564; baseline 0.006 -26"><span class='ocrx_word' id='word_1_7' title='bbox 45 479 143 561; x_wconf 82' lang='lat' dir='ltr'><strong>cepit.</strong></span> <span class='ocrx_word' id='word_1_8' title='bbox 185 481 232 540; x_wconf 88' lang='lat' dir='ltr'><strong>Ea</strong></span> <span class='ocrx_word' id='word_1_9' title='bbox 250 497 304 540; x_wconf 83' lang='lat' dir='ltr'><strong>rea</strong></span> <span class='ocrx_word' id='word_1_10' title='bbox 326 477 421 540; x_wconf 76' lang='lat' dir='ltr'><strong>ealuti</strong></span> <span class='ocrx_word' id='word_1_11' title='bbox 440 475 503 539; x_wconf 86' lang='lat' dir='ltr'><strong>l&#39;uit</strong></span> <span class='ocrx_word' id='word_1_12' title='bbox 520 429 859 564; x_wconf 58' lang='lat' dir='ltr'><strong>Pelusiotimquibub</strong></span> <span class='ocrx_word' id='word_1_13' title='bbox 876 447 1040 545; x_wconf 70' lang='lat' dir='ltr'><strong>etllbma·</strong></span> <span class='ocrx_word' id='word_1_14' title='bbox 1066 469 1215 544; x_wconf 65' lang='lat'><strong>¹5⁶⁰·697·</strong></span> <span class='ocrx_word' id='word_1_15' title='bbox 1277 545 1280 552; x_wconf 82' lang='grc'><strong>,</strong></span> 
     </span>
     <span class='ocr_line' id='line_1_3' title="bbox 44 542 1269 706; baseline 0.014 -87"><span class='ocrx_word' id='word_1_16' title='bbox 44 561 80 620; x_wconf 88' lang='lat' dir='ltr'><strong>ni</strong></span> <span class='ocrx_word' id='word_1_17' title='bbox 96 574 335 706; x_wconf 53' lang='lat' dir='ltr'><strong>papsprcherpnp,</strong></span> <span class='ocrx_word' id='word_1_18' title='bbox 360 573 413 658; x_wconf 73' lang='lat' dir='ltr'><strong>pt,</strong></span> <span class='ocrx_word' id='word_1_19' title='bbox 434 579 536 705; x_wconf 67' lang='lat' dir='ltr'><strong>purum</strong></span> <span class='ocrx_word' id='word_1_20' title='bbox 557 560 684 624; x_wconf 74' lang='lat' dir='ltr'><strong>saevire</strong></span> <span class='ocrx_word' id='word_1_21' title='bbox 700 560 908 628; x_wconf 79' lang='lat' dir='ltr'><strong>Ptolemaeus</strong></span> <span class='ocrx_word' id='word_1_22' title='bbox 926 565 1039 641; x_wconf 83' lang='lat' dir='ltr'><strong>vellet,</strong></span> <span class='ocrx_word' id='word_1_23' title='bbox 1066 542 1152 602; x_wconf 57' lang='grc' dir='ltr'><strong>Μ·</strong></span> <span class='ocrx_word' id='word_1_24' title='bbox 1167 545 1215 603; x_wconf 81' lang='lat'><strong>⁵⁵·</strong></span> <span class='ocrx_word' id='word_1_25' title='bbox 1262 615 1269 636; x_wconf 79' lang='lat'><strong>.</strong></span> 
     </span>
     <span class='ocr_line' id='line_1_4' title="bbox 44 661 508 706; baseline 0.004 -5"><span class='ocrx_word' id='word_1_26' title='bbox 44 661 148 706; x_wconf 90' lang='lat' dir='ltr'><strong>none</strong></span> <span class='ocrx_word' id='word_1_27' title='bbox 193 665 209 705; x_wconf 89' lang='lat' dir='ltr'><strong>a</strong></span> <span class='ocrx_word' id='word_1_28' title='bbox 281 663 393 706; x_wconf 77' lang='lat' dir='ltr'><strong>nonno</strong></span> <span class='ocrx_word' id='word_1_29' title='bbox 414 663 508 705; x_wconf 84' lang='lat' dir='ltr'><strong>arua.</strong></span> 
     </span>
    </p>
   </div>
   <div class='ocr_carea' id='block_1_3' title="bbox 36 791 1332 2671">
    <p class='ocr_par' dir='ltr' id='par_1_3' title="bbox 36 791 1332 2671">
     <span class='ocr_line' id='line_1_5' title="bbox 105 791 1236 938; baseline -0.003 -86"><span class='ocrx_word' id='word_1_30' title='bbox 105 793 216 854; x_wconf 82' lang='lat' dir='ltr'><strong>XLlll.</strong></span> <span class='ocrx_word' id='word_1_31' title='bbox 248 792 298 856; x_wconf 89' lang='lat' dir='ltr'><strong>At·</strong></span> <span class='ocrx_word' id='word_1_32' title='bbox 317 791 481 938; x_wconf 47' lang='lat' dir='ltr'><strong>polbfflam</strong></span> <span class='ocrx_word' id='word_1_33' title='bbox 508 792 667 856; x_wconf 75' lang='lat' dir='ltr'>Gabinius</span> <span class='ocrx_word' id='word_1_34' title='bbox 698 791 908 877; x_wconf 75' lang='lat' dir='ltr'><strong>supervenit,</strong></span> <span class='ocrx_word' id='word_1_35' title='bbox 940 791 1040 860; x_wconf 74' lang='lat' dir='ltr'><strong>rebus</strong></span> <span class='ocrx_word' id='word_1_36' title='bbox 1068 796 1236 855; x_wconf 69' lang='lat' dir='ltr'><strong>atamen.</strong></span> 
     </span>
     <span class='ocr_line' id='line_1_6' title="bbox 44 868 1332 960; baseline 0 -26"><span class='ocrx_word' id='word_1_37' title='bbox 44 872 170 938; x_wconf 71' lang='lat' dir='ltr'><strong>Pelusii</strong></span> <span class='ocrx_word' id='word_1_38' title='bbox 186 872 383 952; x_wconf 72' lang='lat' dir='ltr'><strong>constiutit,</strong></span> <span class='ocrx_word' id='word_1_39' title='bbox 427 877 561 960; x_wconf 84' lang='lat' dir='ltr'><strong>ipartito</strong></span> <span class='ocrx_word' id='word_1_40' title='bbox 577 875 724 940; x_wconf 85' lang='lat' dir='ltr'><strong>exercitu</strong></span> <span class='ocrx_word' id='word_1_41' title='bbox 735 874 966 938; x_wconf 82' lang='lat' dir='ltr'><strong>Alexandriam</strong></span> <span class='ocrx_word' id='word_1_42' title='bbox 1005 868 1207 938; x_wconf 57' lang='lat' dir='ltr'><strong>ammiud·</strong></span> <span class='ocrx_word' id='word_1_43' title='bbox 1330 931 1332 934; x_wconf 84' lang='grc'><em>,</em></span> 
     </span>
     <span class='ocr_line' id='line_1_7' title="bbox 44 897 1292 1042; baseline 0.004 -26"><span class='ocrx_word' id='word_1_44' title='bbox 44 956 187 1036; x_wconf 74' lang='lat' dir='ltr'><strong>tontibua</strong></span> <span class='ocrx_word' id='word_1_45' title='bbox 216 959 369 1042; x_wconf 78' lang='lat' dir='ltr'>Aegyptii</span> <span class='ocrx_word' id='word_1_46' title='bbox 404 971 631 1021; x_wconf 84' lang='lat' dir='ltr'><strong>occurrerunt.</strong></span> <span class='ocrx_word' id='word_1_47' title='bbox 682 957 815 1020; x_wconf 75' lang='lat' dir='ltr'><strong>Acriter</strong></span> <span class='ocrx_word' id='word_1_48' title='bbox 845 897 1043 1041; x_wconf 73' lang='lat' dir='ltr'><strong>aliquamdiu</strong></span> <span class='ocrx_word' id='word_1_49' title='bbox 1225 977 1238 994; x_wconf 57' lang='lat'>⁸</span> <span class='ocrx_word' id='word_1_50' title='bbox 1289 961 1292 966; x_wconf 81' lang='grc'><em>“</em></span> 
     </span>
     <span class='ocr_line' id='line_1_8' title="bbox 44 1037 1043 1126; baseline 0.002 -26"><span class='ocrx_word' id='word_1_51' title='bbox 44 1052 202 1104; x_wconf 83' lang='lat' dir='ltr'><strong>certatum</strong></span> <span class='ocrx_word' id='word_1_52' title='bbox 220 1037 281 1102; x_wconf 83' lang='lat' dir='ltr'><strong>att:</strong></span> <span class='ocrx_word' id='word_1_53' title='bbox 309 1057 402 1114; x_wconf 82' lang='lat' dir='ltr'><strong>mox,</strong></span> <span class='ocrx_word' id='word_1_54' title='bbox 425 1041 501 1126; x_wconf 89' lang='lat' dir='ltr'><strong>quia</strong></span> <span class='ocrx_word' id='word_1_55' title='bbox 517 1044 561 1102; x_wconf 84' lang='lat' dir='ltr'><strong>ld.</strong></span> <span class='ocrx_word' id='word_1_56' title='bbox 577 1041 740 1102; x_wconf 78' lang='lat' dir='ltr'><strong>Antonius</strong></span> <span class='ocrx_word' id='word_1_57' title='bbox 755 1039 955 1123; x_wconf 89' lang='lat' dir='ltr'><strong>necopinato</strong></span> <span class='ocrx_word' id='word_1_58' title='bbox 973 1053 1043 1102; x_wconf 87' lang='lat' dir='ltr'><strong>ter·</strong></span> 
     </span>
     <span class='ocr_line' id='line_1_9' title="bbox 45 1119 1041 1207; baseline 0.005 -27"><span class='ocrx_word' id='word_1_59' title='bbox 45 1141 84 1204; x_wconf 80' lang='lat' dir='ltr'><strong>ga</strong></span> <span class='ocrx_word' id='word_1_60' title='bbox 106 1119 241 1184; x_wconf 85' lang='lat' dir='ltr'><strong>hostium</strong></span> <span class='ocrx_word' id='word_1_61' title='bbox 262 1121 448 1196; x_wconf 74' lang='lat' dir='ltr'><strong>invaserat,</strong></span> <span class='ocrx_word' id='word_1_62' title='bbox 481 1121 620 1186; x_wconf 81' lang='lat' dir='ltr'><strong>victoria</strong></span> <span class='ocrx_word' id='word_1_63' title='bbox 645 1141 749 1207; x_wconf 84' lang='lat' dir='ltr'><strong>panea</strong></span> <span class='ocrx_word' id='word_1_64' title='bbox 774 1119 939 1184; x_wconf 74' lang='lat' dir='ltr'><strong>Romanoa</strong></span> <span class='ocrx_word' id='word_1_65' title='bbox 966 1120 1041 1185; x_wconf 80' lang='lat' dir='ltr'><strong>luit.</strong></span> 
     </span>
     <span class='ocr_line' id='line_1_10' title="bbox 45 1201 1043 1290; baseline -0.001 -25"><span class='ocrx_word' id='word_1_66' title='bbox 45 1203 169 1267; x_wconf 82' lang='lat' dir='ltr'><strong>Crebra</strong></span> <span class='ocrx_word' id='word_1_67' title='bbox 187 1204 308 1266; x_wconf 82' lang='lat' dir='ltr'><strong>deinde</strong></span> <span class='ocrx_word' id='word_1_68' title='bbox 329 1219 364 1267; x_wconf 90' lang='lat' dir='ltr'><strong>et</strong></span> <span class='ocrx_word' id='word_1_69' title='bbox 377 1225 491 1290; x_wconf 79' lang='lat' dir='ltr'><strong>magna</strong></span> <span class='ocrx_word' id='word_1_70' title='bbox 510 1205 686 1267; x_wconf 88' lang='lat' dir='ltr'><strong>certamina</strong></span> <span class='ocrx_word' id='word_1_71' title='bbox 703 1203 801 1266; x_wconf 81' lang='lat' dir='ltr'><strong>variis</strong></span> <span class='ocrx_word' id='word_1_72' title='bbox 815 1201 977 1266; x_wconf 77' lang='lat' dir='ltr'><strong>commilla</strong></span> <span class='ocrx_word' id='word_1_73' title='bbox 992 1204 1043 1265; x_wconf 89' lang='lat' dir='ltr'><strong>lo·</strong></span> 
     </span>
     <span class='ocr_line' id='line_1_11' title="bbox 42 1285 1050 1371; baseline 0.001 -25"><span class='ocrx_word' id='word_1_74' title='bbox 42 1285 109 1346; x_wconf 83' lang='lat' dir='ltr'><strong>cia:</strong></span> <span class='ocrx_word' id='word_1_75' title='bbox 139 1285 244 1350; x_wconf 87' lang='lat' dir='ltr'><strong>donec</strong></span> <span class='ocrx_word' id='word_1_76' title='bbox 265 1286 392 1349; x_wconf 77' lang='lat' dir='ltr'><strong>duobus</strong></span> <span class='ocrx_word' id='word_1_77' title='bbox 411 1288 537 1370; x_wconf 79' lang='lat' dir='ltr'><strong>magnis</strong></span> <span class='ocrx_word' id='word_1_78' title='bbox 556 1286 714 1371; x_wconf 74' lang='lat' dir='ltr'><strong>proeliis,</strong></span> <span class='ocrx_word' id='word_1_79' title='bbox 745 1304 882 1368; x_wconf 86' lang='lat' dir='ltr'><strong>quorum</strong></span> <span class='ocrx_word' id='word_1_80' title='bbox 903 1285 1050 1348; x_wconf 85' lang='lat' dir='ltr'><strong>alterum&#39;</strong></span> 
     </span>
     <span class='ocr_line' id='line_1_12' title="bbox 44 1363 1042 1455; baseline -0.001 -27"><span class='ocrx_word' id='word_1_81' title='bbox 44 1367 79 1428; x_wconf 90' lang='lat' dir='ltr'><strong>in</strong></span> <span class='ocrx_word' id='word_1_82' title='bbox 101 1363 234 1432; x_wconf 82' lang='lat' dir='ltr'><strong>flumine</strong></span> <span class='ocrx_word' id='word_1_83' title='bbox 255 1369 404 1432; x_wconf 83' lang='lat' dir='ltr'><strong>clalllbua</strong></span> <span class='ocrx_word' id='word_1_84' title='bbox 424 1369 643 1455; x_wconf 75' lang='lat' dir='ltr'><strong>depugnatum</strong></span> <span class='ocrx_word' id='word_1_85' title='bbox 662 1366 721 1440; x_wconf 86' lang='lat' dir='ltr'><strong>cll,</strong></span> <span class='ocrx_word' id='word_1_86' title='bbox 745 1367 1042 1454; x_wconf 84' lang='lat' dir='ltr'><strong>Alexapdrinorum</strong></span> 
     </span>
     <span class='ocr_line' id='line_1_13' title="bbox 42 1443 1043 1536; baseline 0 -26"><span class='ocrx_word' id='word_1_87' title='bbox 42 1454 211 1514; x_wconf 75' lang='lat' dir='ltr'><strong>temeritas</strong></span> <span class='ocrx_word' id='word_1_88' title='bbox 228 1451 512 1536; x_wconf 75' lang='lat' dir='ltr'><strong>comprimeretur.</strong></span> <span class='ocrx_word' id='word_1_89' title='bbox 555 1451 635 1512; x_wconf 80' lang='lat' dir='ltr'><strong>Erat</strong></span> <span class='ocrx_word' id='word_1_90' title='bbox 652 1449 740 1511; x_wconf 91' lang='lat' dir='ltr'><strong>enim</strong></span> <span class='ocrx_word' id='word_1_91' title='bbox 756 1445 790 1510; x_wconf 89' lang='lat' dir='ltr'><strong>id</strong></span> <span class='ocrx_word' id='word_1_92' title='bbox 808 1449 839 1510; x_wconf 89' lang='lat' dir='ltr'><strong>ei</strong></span> <span class='ocrx_word' id='word_1_93' title='bbox 852 1449 975 1533; x_wconf 90' lang='lat' dir='ltr'><strong>populo</strong></span> <span class='ocrx_word' id='word_1_94' title='bbox 987 1443 1043 1510; x_wconf 87' lang='lat' dir='ltr'><strong>in-</strong></span> 
     </span>
     <span class='ocr_line' id='line_1_14' title="bbox 40 1529 1045 1619; baseline -0.001 -25"><span class='ocrx_word' id='word_1_95' title='bbox 40 1533 186 1615; x_wconf 77' lang='lat' dir='ltr'><strong>genium,</strong></span> <span class='ocrx_word' id='word_1_96' title='bbox 207 1548 253 1608; x_wconf 92' lang='lat' dir='ltr'><strong>ut,</strong></span> <span class='ocrx_word' id='word_1_97' title='bbox 275 1531 498 1619; x_wconf 75' lang='lat' dir='ltr'><strong>projectua‚ad</strong></span> <span class='ocrx_word' id='word_1_98' title='bbox 513 1530 707 1601; x_wconf 79' lang='lat' dir='ltr'><strong>audendum,</strong></span> <span class='ocrx_word' id='word_1_99' title='bbox 731 1529 950 1592; x_wconf 75' lang='lat' dir='ltr'><strong>seditionibus</strong></span> <span class='ocrx_word' id='word_1_100' title='bbox 964 1549 1045 1593; x_wconf 81' lang='lat' dir='ltr'><strong>con-</strong></span> 
     </span>
     <span class='ocr_line' id='line_1_15' title="bbox 41 1612 1045 1700; baseline -0.009 -23"><span class='ocrx_word' id='word_1_101' title='bbox 41 1615 144 1678; x_wconf 88' lang='lat' dir='ltr'><strong>tiuuia</strong></span> <span class='ocrx_word' id='word_1_102' title='bbox 161 1614 202 1678; x_wconf 92' lang='lat' dir='ltr'><strong>ad</strong></span> <span class='ocrx_word' id='word_1_103' title='bbox 218 1618 377 1682; x_wconf 83' lang='lat' dir='ltr'><strong>vilitatem</strong></span> <span class='ocrx_word' id='word_1_104' title='bbox 394 1615 547 1700; x_wconf 82' lang='lat' dir='ltr'><strong>corporis</strong></span> <span class='ocrx_word' id='word_1_105' title='bbox 566 1629 599 1677; x_wconf 90' lang='lat' dir='ltr'><strong>et</strong></span> <span class='ocrx_word' id='word_1_106' title='bbox 618 1612 803 1698; x_wconf 85' lang='lat' dir='ltr'><strong>apernenda</strong></span> <span class='ocrx_word' id='word_1_107' title='bbox 822 1613 969 1696; x_wconf 85' lang='lat' dir='ltr'><strong>pericula</strong></span> <span class='ocrx_word' id='word_1_108' title='bbox 987 1631 1045 1675; x_wconf 83' lang='lat' dir='ltr'><strong>ex.</strong></span> 
     </span>
     <span class='ocr_line' id='line_1_16' title="bbox 41 1694 1045 1783; baseline -0.007 -25"><span class='ocrx_word' id='word_1_109' title='bbox 41 1697 187 1772; x_wconf 88' lang='lat' dir='ltr'><strong>ercitua,</strong></span> <span class='ocrx_word' id='word_1_110' title='bbox 210 1699 293 1762; x_wconf 81' lang='lat' dir='ltr'><strong>nilril</strong></span> <span class='ocrx_word' id='word_1_111' title='bbox 310 1717 376 1776; x_wconf 77' lang='lat' dir='ltr'><strong>uon</strong></span> <span class='ocrx_word' id='word_1_112' title='bbox 392 1697 631 1783; x_wconf 82' lang='lat' dir='ltr'><strong>promptillime</strong></span> <span class='ocrx_word' id='word_1_113' title='bbox 647 1695 846 1780; x_wconf 79' lang='lat' dir='ltr'><strong>auacipereta</strong></span> <span class='ocrx_word' id='word_1_114' title='bbox 869 1694 957 1756; x_wconf 88' lang='lat' dir='ltr'><strong>idem</strong></span> <span class='ocrx_word' id='word_1_115' title='bbox 973 1716 1045 1756; x_wconf 86' lang='lat' dir='ltr'><strong>mu.</strong></span> 
     </span>
     <span class='ocr_line' id='line_1_17' title="bbox 41 1775 1119 1874; baseline -0.005 -33"><span class='ocrx_word' id='word_1_116' title='bbox 41 1780 154 1843; x_wconf 86' lang='lat' dir='ltr'><strong>tabilia</strong></span> <span class='ocrx_word' id='word_1_117' title='bbox 172 1795 204 1846; x_wconf 89' lang='lat' dir='ltr'><strong>et</strong></span> <span class='ocrx_word' id='word_1_118' title='bbox 221 1781 346 1844; x_wconf 77' lang='lat' dir='ltr'><strong>laboris</strong></span> <span class='ocrx_word' id='word_1_119' title='bbox 363 1801 453 1844; x_wconf 88' lang='lat' dir='ltr'><strong>mora</strong></span> <span class='ocrx_word' id='word_1_120' title='bbox 499 1799 540 1840; x_wconf 88' lang='lat' dir='ltr'><strong>ua</strong></span> <span class='ocrx_word' id='word_1_121' title='bbox 556 1779 743 1864; x_wconf 81' lang='lat' dir='ltr'><strong>impatiens,</strong></span> <span class='ocrx_word' id='word_1_122' title='bbox 766 1775 822 1838; x_wconf 90' lang='lat' dir='ltr'><strong>ubi</strong></span> <span class='ocrx_word' id='word_1_123' title='bbox 840 1777 965 1874; x_wconf 75' lang='lat' dir='ltr'><strong>primun</strong></span> <span class='ocrx_word' id='word_1_124' title='bbox 982 1777 1045 1838; x_wconf 75' lang='lat' dir='ltr'><strong>im·</strong></span> <span class='ocrx_word' id='word_1_125' title='bbox 1114 1803 1119 1818; x_wconf 72' lang='lat'>=</span> 
     </span>
     <span class='ocr_line' id='line_1_18' title="bbox 39 1799 1045 1948; baseline -0.001 -24"><span class='ocrx_word' id='word_1_126' title='bbox 39 1879 138 1946; x_wconf 79' lang='lat' dir='ltr'><strong>petua</strong></span> <span class='ocrx_word' id='word_1_127' title='bbox 157 1861 381 1942; x_wconf 75' lang='lat' dir='ltr'><strong>deferbuisset,</strong></span> <span class='ocrx_word' id='word_1_128' title='bbox 406 1799 551 1948; x_wconf 60' lang='lat' dir='ltr'><strong>quiddam</strong></span> <span class='ocrx_word' id='word_1_129' title='bbox 570 1858 760 1923; x_wconf 89' lang='lat' dir='ltr'><strong>conditione</strong></span> <span class='ocrx_word' id='word_1_130' title='bbox 778 1857 962 1922; x_wconf 75' lang='lat' dir='ltr'><strong>redimebat</strong></span> <span class='ocrx_word' id='word_1_131' title='bbox 978 1871 1045 1924; x_wconf 84' lang='lat' dir='ltr'><strong>tam</strong></span> 
     </span>
     <span class='ocr_line' id='line_1_19' title="bbox 40 1935 1093 2031; baseline -0.002 -25"><span class='ocrx_word' id='word_1_132' title='bbox 40 1959 260 2031; x_wconf 86' lang='lat' dir='ltr'><strong>contemptam</strong></span> <span class='ocrx_word' id='word_1_133' title='bbox 280 1958 373 2008; x_wconf 79' lang='lat' dir='ltr'><strong>atatea</strong></span> <span class='ocrx_word' id='word_1_134' title='bbox 391 1965 515 2030; x_wconf 88' lang='lat' dir='ltr'><strong>paoem.</strong></span> <span class='ocrx_word' id='word_1_135' title='bbox 559 1945 718 2015; x_wconf 80' lang='lat' dir='ltr'><strong>Narrant,</strong></span> <span class='ocrx_word' id='word_1_136' title='bbox 746 1935 879 2006; x_wconf 84' lang='lat' dir='ltr'><strong>eductas</strong></span> <span class='ocrx_word' id='word_1_137' title='bbox 900 1963 941 2004; x_wconf 85' lang='lat' dir='ltr'><strong>ex</strong></span> <span class='ocrx_word' id='word_1_138' title='bbox 957 1941 1043 2004; x_wconf 82' lang='lat' dir='ltr'><strong>urbe</strong></span> <span class='ocrx_word' id='word_1_139' title='bbox 1091 1963 1093 1966; x_wconf 85' lang='lat'>·</span> 
     </span>
     <span class='ocr_line' id='line_1_20' title="bbox 39 2021 1041 2114; baseline -0.007 -22"><span class='ocrx_word' id='word_1_140' title='bbox 39 2028 173 2114; x_wconf 83' lang='lat' dir='ltr'><strong>copias,</strong></span> <span class='ocrx_word' id='word_1_141' title='bbox 219 2049 294 2090; x_wconf 90' lang='lat' dir='ltr'><strong>uum</strong></span> <span class='ocrx_word' id='word_1_142' title='bbox 312 2027 399 2092; x_wconf 78' lang='lat' dir='ltr'><strong>vallo</strong></span> <span class='ocrx_word' id='word_1_143' title='bbox 418 2041 452 2090; x_wconf 89' lang='lat' dir='ltr'><strong>et</strong></span> <span class='ocrx_word' id='word_1_144' title='bbox 470 2023 550 2090; x_wconf 86' lang='lat' dir='ltr'><strong>folla</strong></span> <span class='ocrx_word' id='word_1_145' title='bbox 566 2025 702 2110; x_wconf 81' lang='lat' dir='ltr'><strong>cingere</strong></span> <span class='ocrx_word' id='word_1_146' title='bbox 722 2021 820 2086; x_wconf 89' lang='lat' dir='ltr'><strong>callra</strong></span> <span class='ocrx_word' id='word_1_147' title='bbox 835 2021 1041 2104; x_wconf 85' lang='lat' dir='ltr'><strong>juberentur,</strong></span> 
     </span>
     <span class='ocr_line' id='line_1_21' title="bbox 39 2105 1042 2191; baseline -0.005 -18"><span class='ocrx_word' id='word_1_148' title='bbox 39 2111 200 2174; x_wconf 83' lang='lat' dir='ltr'><strong>aucclama</strong></span> <span class='ocrx_word' id='word_1_149' title='bbox 228 2110 454 2182; x_wconf 81' lang='lat' dir='ltr'><strong>euniveraae,</strong></span> <span class='ocrx_word' id='word_1_150' title='bbox 476 2122 512 2172; x_wconf 89' lang='lat' dir='ltr'><strong>ut</strong></span> <span class='ocrx_word' id='word_1_151' title='bbox 532 2107 566 2169; x_wconf 89' lang='lat' dir='ltr'><strong>id</strong></span> <span class='ocrx_word' id='word_1_152' title='bbox 587 2126 668 2191; x_wconf 89' lang='lat' dir='ltr'><strong>opua</strong></span> <span class='ocrx_word' id='word_1_153' title='bbox 711 2106 824 2168; x_wconf 89' lang='lat' dir='ltr'><strong>ecunia</strong></span> <span class='ocrx_word' id='word_1_154' title='bbox 843 2105 973 2190; x_wconf 84' lang='lat' dir='ltr'><strong>publica</strong></span> <span class='ocrx_word' id='word_1_155' title='bbox 990 2107 1042 2168; x_wconf 90' lang='lat' dir='ltr'><strong>lo·</strong></span> 
     </span>
     <span class='ocr_line' id='line_1_22' title="bbox 39 2187 1041 2280; baseline -0.007 -25"><span class='ocrx_word' id='word_1_156' title='bbox 39 2209 180 2260; x_wconf 82' lang='lat' dir='ltr'><strong>caretur.</strong></span> <span class='ocrx_word' id='word_1_157' title='bbox 209 2189 337 2280; x_wconf 71' lang='lat' dir='ltr'><strong>&#39;Igitur</strong></span> <span class='ocrx_word' id='word_1_158' title='bbox 361 2207 395 2256; x_wconf 86' lang='lat' dir='ltr'><strong>et</strong></span> <span class='ocrx_word' id='word_1_159' title='bbox 414 2189 646 2256; x_wconf 84' lang='lat' dir='ltr'><strong>Alexandriam</strong></span> <span class='ocrx_word' id='word_1_160' title='bbox 702 2187 848 2261; x_wconf 85' lang='lat' dir='ltr'><strong>abiniua,</strong></span> <span class='ocrx_word' id='word_1_161' title='bbox 880 2202 913 2251; x_wconf 89' lang='lat' dir='ltr'><strong>et</strong></span> <span class='ocrx_word' id='word_1_162' title='bbox 936 2201 1041 2251; x_wconf 89' lang='lat' dir='ltr'><strong>totum</strong></span> 
     </span>
     <span class='ocr_line' id='line_1_23' title="bbox 38 2271 1042 2362; baseline -0.006 -24"><span class='ocrx_word' id='word_1_163' title='bbox 38 2275 182 2362; x_wconf 78' lang='lat' dir='ltr'><strong>Aegypti</strong></span> <span class='ocrx_word' id='word_1_164' title='bbox 195 2296 334 2360; x_wconf 80' lang='lat' dir='ltr'><strong>regnum</strong></span> <span class='ocrx_word' id='word_1_165' title='bbox 347 2274 459 2362; x_wconf 77' lang='lat' dir='ltr'><strong>paucis</strong></span> <span class='ocrx_word' id='word_1_166' title='bbox 472 2271 640 2338; x_wconf 85' lang='lat' dir='ltr'><strong>menaibua</strong></span> <span class='ocrx_word' id='word_1_167' title='bbox 656 2271 755 2356; x_wconf 86' lang='lat' dir='ltr'><strong>cepit,</strong></span> <span class='ocrx_word' id='word_1_168' title='bbox 778 2291 876 2356; x_wconf 88' lang='lat' dir='ltr'><strong>quum</strong></span> <span class='ocrx_word' id='word_1_169' title='bbox 894 2289 1042 2354; x_wconf 83' lang='lat' dir='ltr'><strong>magnam</strong></span> 
     </span>
     <span class='ocr_line' id='line_1_24' title="bbox 39 2349 1040 2436; baseline -0.005 -16"><span class='ocrx_word' id='word_1_170' title='bbox 39 2377 154 2420; x_wconf 90' lang='lat' dir='ltr'><strong>eorum</strong></span> <span class='ocrx_word' id='word_1_171' title='bbox 172 2355 341 2420; x_wconf 86' lang='lat' dir='ltr'><strong>hominum</strong></span> <span class='ocrx_word' id='word_1_172' title='bbox 359 2355 601 2432; x_wconf 85' lang='lat' dir='ltr'><strong>multitudinem</strong></span> <span class='ocrx_word' id='word_1_173' title='bbox 621 2373 693 2416; x_wconf 89' lang='lat' dir='ltr'><strong>oum</strong></span> <span class='ocrx_word' id='word_1_174' title='bbox 706 2349 868 2416; x_wconf 86' lang='lat' dir='ltr'><strong>Archelao</strong></span> <span class='ocrx_word' id='word_1_175' title='bbox 884 2373 965 2436; x_wconf 79' lang='lat' dir='ltr'><strong>rege</strong></span> <span class='ocrx_word' id='word_1_176' title='bbox 983 2371 1040 2415; x_wconf 88' lang='lat' dir='ltr'><strong>oc·</strong></span> 
     </span>
     <span class='ocr_line' id='line_1_25' title="bbox 39 2429 1052 2525; baseline -0.006 -23"><span class='ocrx_word' id='word_1_177' title='bbox 39 2441 178 2504; x_wconf 82' lang='lat' dir='ltr'><strong>cidillet.</strong></span> <span class='ocrx_word' id='word_1_178' title='bbox 206 2441 350 2525; x_wconf 86' lang='lat' dir='ltr'><strong>-Corpua</strong></span> <span class='ocrx_word' id='word_1_179' title='bbox 370 2451 477 2501; x_wconf 87' lang='lat' dir='ltr'><strong>tamen</strong></span> <span class='ocrx_word' id='word_1_180' title='bbox 492 2435 648 2500; x_wconf 75' lang='lat' dir='ltr'><strong>Archelai</strong></span> <span class='ocrx_word' id='word_1_181' title='bbox 666 2433 863 2518; x_wconf 78' lang='lat' dir='ltr'><strong>requisitum</strong></span> <span class='ocrx_word' id='word_1_182' title='bbox 882 2433 920 2495; x_wconf 88' lang='lat' dir='ltr'><strong>ab</strong></span> <span class='ocrx_word' id='word_1_183' title='bbox 935 2429 1052 2496; x_wconf 76' lang='lat' dir='ltr'><strong>Anto·&#39;</strong></span> 
     </span>
     <span class='ocr_line' id='line_1_26' title="bbox 36 2515 1040 2670; baseline -0.009 -84"><span class='ocrx_word' id='word_1_184' title='bbox 36 2527 96 2670; x_wconf 70' lang='lat' dir='ltr'><strong>app</strong></span> <span class='ocrx_word' id='word_1_185' title='bbox 117 2535 257 2610; x_wconf 85' lang='lat' dir='ltr'><strong>propter</strong></span> <span class='ocrx_word' id='word_1_186' title='bbox 277 2523 330 2608; x_wconf 82' lang='lat' dir='ltr'><strong>jue</strong></span> <span class='ocrx_word' id='word_1_187' title='bbox 352 2519 510 2609; x_wconf 84' lang='lat' dir='ltr'><strong>boepitil,</strong></span> <span class='ocrx_word' id='word_1_188' title='bbox 533 2532 567 2584; x_wconf 88' lang='lat' dir='ltr'><strong>et</strong></span> <span class='ocrx_word' id='word_1_189' title='bbox 586 2518 681 2603; x_wconf 75' lang='lat' dir='ltr'><strong>regio</strong></span> <span class='ocrx_word' id='word_1_190' title='bbox 703 2528 836 2602; x_wconf 73' lang='lat' dir='ltr'><strong>sumptu</strong></span> <span class='ocrx_word' id='word_1_191' title='bbox 854 2515 1040 2580; x_wconf 81' lang='lat' dir='ltr'><strong>funeratum</strong></span> 
     </span>
     <span class='ocr_line' id='line_1_27' title="bbox 37 2627 692 2671; baseline -0.003 -21"><span class='ocrx_word' id='word_1_192' title='bbox 37 2627 55 2671; x_wconf 62' lang='lat' dir='ltr'>e</span> <span class='ocrx_word' id='word_1_193' title='bbox 82 2649 93 2669; x_wconf 70' lang='lat'><strong>·</strong></span> <span class='ocrx_word' id='word_1_194' title='bbox 663 2635 668 2644; x_wconf 75' lang='grc' dir='ltr'><strong><em>ι</em></strong></span> <span class='ocrx_word' id='word_1_195' title='bbox 686 2635 692 2648; x_wconf 72' lang='lat' dir='ltr'><strong>a</strong></span> 
     </span>
    </p>
   </div>
   <div class='ocr_carea' id='block_1_4' title="bbox 28 2723 1226 3898">
    <p class='ocr_par' dir='ltr' id='par_1_4' title="bbox 32 2723 1226 3152">
     <span class='ocr_line' id='line_1_28' title="bbox 96 2723 1226 2808; baseline -0.015 -6"><span class='ocrx_word' id='word_1_196' title='bbox 96 2737 214 2808; x_wconf 81' lang='lat' dir='ltr'><strong>XLIV.</strong></span> <span class='ocrx_word' id='word_1_197' title='bbox 234 2737 334 2804; x_wconf 82' lang='lat' dir='ltr'><strong>Libet</strong></span> <span class='ocrx_word' id='word_1_198' title='bbox 350 2735 590 2804; x_wconf 78' lang='lat' dir='ltr'><strong>Alexandrinae</strong></span> <span class='ocrx_word' id='word_1_199' title='bbox 610 2731 824 2804; x_wconf 76' lang='lat' dir='ltr'><strong>temeritatis,</strong></span> <span class='ocrx_word' id='word_1_200' title='bbox 846 2745 920 2790; x_wconf 89' lang='lat' dir='ltr'><strong>cum</strong></span> <span class='ocrx_word' id='word_1_201' title='bbox 937 2723 1035 2790; x_wconf 83' lang='lat' dir='ltr'><strong>sceda</strong></span> <span class='ocrx_word' id='word_1_202' title='bbox 1056 2729 1226 2792; x_wconf 68' lang='lat' dir='ltr'><strong>Menandri.</strong></span> 
     </span>
     <span class='ocr_line' id='line_1_29' title="bbox 35 2811 1222 2920; baseline -0.014 -36"><span class='ocrx_word' id='word_1_203' title='bbox 35 2821 269 2920; x_wconf 83' lang='lat' dir='ltr'><strong>auperllitione</strong></span> <span class='ocrx_word' id='word_1_204' title='bbox 287 2821 497 2904; x_wconf 86' lang='lat' dir='ltr'><strong>conjunctae,</strong></span> <span class='ocrx_word' id='word_1_205' title='bbox 522 2819 770 2885; x_wconf 85' lang='lat' dir='ltr'><strong>documentum,</strong></span> <span class='ocrx_word' id='word_1_206' title='bbox 800 2811 864 2874; x_wconf 91' lang='lat' dir='ltr'><strong>hoc</strong></span> <span class='ocrx_word' id='word_1_207' title='bbox 884 2817 1222 2894; x_wconf 61' lang='lat' dir='ltr'><strong>temporaraneum·</strong></span> 
     </span>
     <span class='ocr_line' id='line_1_30' title="bbox 34 2873 1221 2997; baseline -0.013 -32"><span class='ocrx_word' id='word_1_208' title='bbox 34 2905 163 2968; x_wconf 87' lang='lat' dir='ltr'><strong>edrtum</strong></span> <span class='ocrx_word' id='word_1_209' title='bbox 180 2905 215 2968; x_wconf 88' lang='lat' dir='ltr'><strong>iu</strong></span> <span class='ocrx_word' id='word_1_210' title='bbox 232 2925 270 2970; x_wconf 87' lang='lat' dir='ltr'><strong>re</strong></span> <span class='ocrx_word' id='word_1_211' title='bbox 287 2903 372 2966; x_wconf 88' lang='lat' dir='ltr'><strong>haud</strong></span> <span class='ocrx_word' id='word_1_212' title='bbox 390 2905 469 2967; x_wconf 86' lang='lat' dir='ltr'><strong>aetia</strong></span> <span class='ocrx_word' id='word_1_213' title='bbox 485 2923 548 2988; x_wconf 88' lang='lat' dir='ltr'><strong>per</strong></span> <span class='ocrx_word' id='word_1_214' title='bbox 565 2923 600 2966; x_wconf 87' lang='lat' dir='ltr'><strong>ae</strong></span> <span class='ocrx_word' id='word_1_215' title='bbox 617 2894 834 2966; x_wconf 82' lang='lat' dir='ltr'><strong>memorabili,</strong></span> <span class='ocrx_word' id='word_1_216' title='bbox 855 2911 1034 2975; x_wconf 85' lang='lat' dir='ltr'><strong>exponere.</strong></span> <span class='ocrx_word' id='word_1_217' title='bbox 1045 2873 1221 2997; x_wconf 52' lang='lat' dir='ltr'><strong>&#39;&#39;amri&#39;‘</strong></span> 
     </span>
     <span class='ocr_line' id='line_1_31' title="bbox 32 2942 1129 3075; baseline -0.014 -25"><span class='ocrx_word' id='word_1_218' title='bbox 32 2987 189 3050; x_wconf 88' lang='lat' dir='ltr'><strong>Nondum</strong></span> <span class='ocrx_word' id='word_1_219' title='bbox 207 3002 276 3052; x_wconf 86' lang='lat' dir='ltr'><strong>erat</strong></span> <span class='ocrx_word' id='word_1_220' title='bbox 295 2977 439 3062; x_wconf 76' lang='lat' dir='ltr'><strong>certum,</strong></span> <span class='ocrx_word' id='word_1_221' title='bbox 473 3006 539 3072; x_wconf 91' lang='lat' dir='ltr'><strong>quo</strong></span> <span class='ocrx_word' id='word_1_222' title='bbox 560 2985 666 3046; x_wconf 88' lang='lat' dir='ltr'><strong>animo</strong></span> <span class='ocrx_word' id='word_1_223' title='bbox 687 2989 882 3075; x_wconf 75' lang='lat' dir='ltr'><strong>accepturus</strong></span> <span class='ocrx_word' id='word_1_224' title='bbox 903 2972 958 3036; x_wconf 88' lang='lat' dir='ltr'><strong>illa</strong></span> <span class='ocrx_word' id='word_1_225' title='bbox 976 2942 1080 3059; x_wconf 61' lang='lat' dir='ltr'><strong>post</strong></span> <span class='ocrx_word' id='word_1_226' title='bbox 1102 2958 1129 2999; x_wconf 84' lang='lat'><strong>⁰⁸</strong></span> 
     </span>
     <span class='ocr_line' id='line_1_32' title="bbox 33 3056 1166 3152; baseline -0.013 -22"><span class='ocrx_word' id='word_1_227' title='bbox 33 3070 133 3152; x_wconf 85' lang='lat' dir='ltr'><strong>pulua</strong></span> <span class='ocrx_word' id='word_1_228' title='bbox 147 3069 313 3134; x_wconf 84' lang='lat' dir='ltr'><strong>Romanus</strong></span> <span class='ocrx_word' id='word_1_229' title='bbox 330 3070 426 3146; x_wconf 75' lang='lat' dir='ltr'><strong>ellel,</strong></span> <span class='ocrx_word' id='word_1_230' title='bbox 448 3087 511 3130; x_wconf 88' lang='lat' dir='ltr'><strong>nec</strong></span> <span class='ocrx_word' id='word_1_231' title='bbox 531 3067 571 3150; x_wconf 81' lang='lat' dir='ltr'><strong>ab</strong></span> <span class='ocrx_word' id='word_1_232' title='bbox 591 3078 704 3128; x_wconf 78' lang='lat' dir='ltr'><strong>senatu</strong></span> <span class='ocrx_word' id='word_1_233' title='bbox 720 3079 842 3121; x_wconf 72' lang='lat' dir='ltr'><strong>amicus</strong></span> <span class='ocrx_word' id='word_1_234' title='bbox 859 3056 963 3120; x_wconf 87' lang='lat' dir='ltr'><strong>adhuc</strong></span> <span class='ocrx_word' id='word_1_235' title='bbox 979 3078 1037 3140; x_wconf 86' lang='lat' dir='ltr'><strong>ap·</strong></span> <span class='ocrx_word' id='word_1_236' title='bbox 1161 3111 1166 3126; x_wconf 82' lang='lat'><strong>,</strong></span> 
     </span>
    </p>

    <p class='ocr_par' dir='ltr' id='par_1_5' title="bbox 28 3137 1060 3898">
     <span class='ocr_line' id='line_1_33' title="bbox 57 3137 1037 3238; baseline -0.011 -26"><span class='ocrx_word' id='word_1_237' title='bbox 57 3153 179 3214; x_wconf 81' lang='lat' dir='ltr'><strong>ellatua</strong></span> <span class='ocrx_word' id='word_1_238' title='bbox 200 3153 407 3218; x_wconf 77' lang='lat' dir='ltr'><strong>Ptolemaeus</strong></span> <span class='ocrx_word' id='word_1_239' title='bbox 432 3163 522 3226; x_wconf 83' lang='lat' dir='ltr'><strong>erat3</strong></span> <span class='ocrx_word' id='word_1_240' title='bbox 555 3167 653 3234; x_wconf 83' lang='lat' dir='ltr'><strong>quum</strong></span> <span class='ocrx_word' id='word_1_241' title='bbox 679 3141 901 3206; x_wconf 87' lang='lat' dir='ltr'><strong>aGabiniano</strong></span> <span class='ocrx_word' id='word_1_242' title='bbox 931 3137 1037 3238; x_wconf 67' lang='lat' dir='ltr'><strong>milite</strong></span> 
     </span>
     <span class='ocr_line' id='line_1_34' title="bbox 32 3172 1036 3314; baseline -0.01 -20"><span class='ocrx_word' id='word_1_243' title='bbox 32 3172 126 3298; x_wconf 74' lang='lat' dir='ltr'><strong>lorte</strong></span> <span class='ocrx_word' id='word_1_244' title='bbox 153 3233 230 3298; x_wconf 79' lang='lat' dir='ltr'><strong>felia</strong></span> <span class='ocrx_word' id='word_1_245' title='bbox 257 3233 366 3308; x_wconf 72' lang='lat' dir='ltr'><strong>occisa</strong></span> <span class='ocrx_word' id='word_1_246' title='bbox 389 3233 578 3296; x_wconf 85' lang='lat' dir='ltr'><strong>immensam</strong></span> <span class='ocrx_word' id='word_1_247' title='bbox 599 3225 713 3314; x_wconf 91' lang='lat' dir='ltr'><strong>populi</strong></span> <span class='ocrx_word' id='word_1_248' title='bbox 732 3223 860 3287; x_wconf 89' lang='lat' dir='ltr'><strong>turbam</strong></span> <span class='ocrx_word' id='word_1_249' title='bbox 879 3231 1036 3286; x_wconf 72' lang='lat' dir='ltr'><strong>concivit.</strong></span> 
     </span>
     <span class='ocr_line' id='line_1_35' title="bbox 30 3303 1039 3396; baseline -0.013 -17"><span class='ocrx_word' id='word_1_250' title='bbox 30 3315 128 3379; x_wconf 85' lang='lat' dir='ltr'><strong>Nihil</strong></span> <span class='ocrx_word' id='word_1_251' title='bbox 150 3331 217 3380; x_wconf 88' lang='lat' dir='ltr'><strong>tum</strong></span> <span class='ocrx_word' id='word_1_252' title='bbox 239 3329 309 3380; x_wconf 89' lang='lat' dir='ltr'><strong>erat</strong></span> <span class='ocrx_word' id='word_1_253' title='bbox 326 3313 533 3386; x_wconf 86' lang='lat' dir='ltr'><strong>Ptolemaeo,</strong></span> <span class='ocrx_word' id='word_1_254' title='bbox 564 3325 661 3396; x_wconf 88' lang='lat' dir='ltr'><strong>atque</strong></span> <span class='ocrx_word' id='word_1_255' title='bbox 681 3307 763 3394; x_wconf 83' lang='lat' dir='ltr'><strong>ipsis</strong></span> <span class='ocrx_word' id='word_1_256' title='bbox 784 3303 880 3368; x_wconf 87' lang='lat' dir='ltr'><strong>etiam</strong></span> <span class='ocrx_word' id='word_1_257' title='bbox 896 3305 1039 3367; x_wconf 52' lang='lat' dir='ltr'><strong>Alexan-¹</strong></span> 
     </span>
     <span class='ocr_line' id='line_1_36' title="bbox 31 3383 1036 3482; baseline -0.022 -20"><span class='ocrx_word' id='word_1_258' title='bbox 31 3398 165 3472; x_wconf 80' lang='lat' dir='ltr'><strong>drinio,</strong></span> <span class='ocrx_word' id='word_1_259' title='bbox 188 3396 369 3482; x_wconf 80' lang='lat' dir='ltr'><strong>antiquius,</strong></span> <span class='ocrx_word' id='word_1_260' title='bbox 400 3417 496 3482; x_wconf 86' lang='lat' dir='ltr'><strong>quam</strong></span> <span class='ocrx_word' id='word_1_261' title='bbox 513 3415 555 3458; x_wconf 86' lang='lat' dir='ltr'><strong>ue</strong></span> <span class='ocrx_word' id='word_1_262' title='bbox 575 3393 649 3478; x_wconf 84' lang='lat' dir='ltr'><strong>quia</strong></span> <span class='ocrx_word' id='word_1_263' title='bbox 664 3393 829 3452; x_wconf 79' lang='lat' dir='ltr'><strong>Romanus</strong></span> <span class='ocrx_word' id='word_1_264' title='bbox 847 3383 1036 3482; x_wconf 34' lang='lat' dir='ltr'><strong>ollenndere.</strong></span> 
     </span>
     <span class='ocr_line' id='line_1_37' title="bbox 29 3467 1036 3560; baseline -0.017 -16"><span class='ocrx_word' id='word_1_265' title='bbox 29 3483 107 3560; x_wconf 81' lang='lat' dir='ltr'><strong>tur3</strong></span> <span class='ocrx_word' id='word_1_266' title='bbox 132 3495 168 3544; x_wconf 88' lang='lat' dir='ltr'><strong>et</strong></span> <span class='ocrx_word' id='word_1_267' title='bbox 185 3477 301 3542; x_wconf 85' lang='lat' dir='ltr'><strong>animal</strong></span> <span class='ocrx_word' id='word_1_268' title='bbox 318 3497 382 3539; x_wconf 90' lang='lat' dir='ltr'><strong>non</strong></span> <span class='ocrx_word' id='word_1_269' title='bbox 400 3472 717 3544; x_wconf 80' lang='lat' dir='ltr'><strong>voluntatc&#39;militia,</strong></span> <span class='ocrx_word' id='word_1_270' title='bbox 742 3467 802 3532; x_wconf 88' lang='lat' dir='ltr'><strong>aed</strong></span> <span class='ocrx_word' id='word_1_271' title='bbox 820 3488 907 3539; x_wconf 86' lang='lat' dir='ltr'><strong>caau,</strong></span> <span class='ocrx_word' id='word_1_272' title='bbox 932 3481 1036 3530; x_wconf 87' lang='lat' dir='ltr'><strong>mter·</strong></span> 
     </span>
     <span class='ocr_line' id='line_1_38' title="bbox 28 3555 1038 3638; baseline -0.024 -10"><span class='ocrx_word' id='word_1_273' title='bbox 28 3565 161 3628; x_wconf 81' lang='lat' dir='ltr'><strong>fectum</strong></span> <span class='ocrx_word' id='word_1_274' title='bbox 179 3561 243 3626; x_wconf 84' lang='lat' dir='ltr'><strong>effe</strong></span> <span class='ocrx_word' id='word_1_275' title='bbox 259 3557 430 3624; x_wconf 77' lang='lat' dir='ltr'><strong>conflabat.</strong></span> <span class='ocrx_word' id='word_1_276' title='bbox 462 3573 601 3622; x_wconf 84' lang='lat' dir='ltr'><strong>attamen</strong></span> <span class='ocrx_word' id='word_1_277' title='bbox 616 3573 724 3638; x_wconf 89' lang='lat' dir='ltr'><strong>neque</strong></span> <span class='ocrx_word' id='word_1_278' title='bbox 735 3555 954 3614; x_wconf 83' lang='lat' dir='ltr'><strong>Romanorum</strong></span> <span class='ocrx_word' id='word_1_279' title='bbox 967 3561 1038 3612; x_wconf 86' lang='lat' dir='ltr'><strong>ter.</strong></span> 
     </span>
     <span class='ocr_line' id='line_1_39' title="bbox 29 3631 1060 3729; baseline -0.017 -21"><span class='ocrx_word' id='word_1_280' title='bbox 29 3668 110 3720; x_wconf 90' lang='lat' dir='ltr'><strong>ror,</strong></span> <span class='ocrx_word' id='word_1_281' title='bbox 145 3663 254 3729; x_wconf 81' lang='lat' dir='ltr'><strong>neque</strong></span> <span class='ocrx_word' id='word_1_282' title='bbox 279 3639 418 3726; x_wconf 76' lang='lat' dir='ltr'><strong>hospitii</strong></span> <span class='ocrx_word' id='word_1_283' title='bbox 439 3637 657 3710; x_wconf 80' lang='lat' dir='ltr'><strong>neoellitudo;</strong></span> <span class='ocrx_word' id='word_1_284' title='bbox 691 3656 733 3698; x_wconf 89' lang='lat' dir='ltr'><strong>ne</strong></span> <span class='ocrx_word' id='word_1_285' title='bbox 759 3633 843 3695; x_wconf 79' lang='lat' dir='ltr'><strong>milli</strong></span> <span class='ocrx_word' id='word_1_286' title='bbox 865 3631 997 3716; x_wconf 88' lang='lat' dir='ltr'><strong>quidem</strong></span> <span class='ocrx_word' id='word_1_287' title='bbox 1017 3651 1060 3724; x_wconf 80' lang='lat' dir='ltr'><strong>a,</strong></span> 
     </span>
     <span class='ocr_line' id='line_1_40' title="bbox 30 3715 1040 3814; baseline -0.023 -22"><span class='ocrx_word' id='word_1_288' title='bbox 30 3729 185 3792; x_wconf 78' lang='lat' dir='ltr'><strong>sollicito</strong></span> <span class='ocrx_word' id='word_1_289' title='bbox 202 3733 283 3810; x_wconf 77' lang='lat' dir='ltr'><strong>rege</strong></span> <span class='ocrx_word' id='word_1_290' title='bbox 300 3723 501 3808; x_wconf 77' lang='lat' dir='ltr'><strong>magistratus</strong></span> <span class='ocrx_word' id='word_1_291' title='bbox 519 3724 732 3806; x_wconf 72' lang='lat' dir='ltr'><strong>compescere</strong></span> <span class='ocrx_word' id='word_1_292' title='bbox 750 3715 907 3814; x_wconf 91' lang='lat' dir='ltr'><strong>populum</strong></span> <span class='ocrx_word' id='word_1_293' title='bbox 922 3725 1040 3798; x_wconf 80' lang='lat' dir='ltr'><strong>potue.</strong></span> 
     </span>
     <span class='ocr_line' id='line_1_41' title="bbox 29 3799 1047 3898; baseline -0.02 -22"><span class='ocrx_word' id='word_1_294' title='bbox 29 3826 133 3888; x_wconf 88' lang='lat' dir='ltr'><strong>runt,</strong></span> <span class='ocrx_word' id='word_1_295' title='bbox 157 3830 223 3898; x_wconf 87' lang='lat' dir='ltr'><strong>quo</strong></span> <span class='ocrx_word' id='word_1_296' title='bbox 245 3807 352 3874; x_wconf 75' lang='lat' dir='ltr'><strong>miuus</strong></span> <span class='ocrx_word' id='word_1_297' title='bbox 372 3805 593 3872; x_wconf 72' lang='lat' dir='ltr'><strong>elucentibus</strong></span> <span class='ocrx_word' id='word_1_298' title='bbox 611 3802 713 3866; x_wconf 81' lang='lat' dir='ltr'><strong>miser</strong></span> <span class='ocrx_word' id='word_1_299' title='bbox 729 3799 988 3888; x_wconf 78' lang='lat' dir='ltr'><strong>discerperetur.</strong></span> <span class='ocrx_word' id='word_1_300' title='bbox 1042 3819 1047 3828; x_wconf 88' lang='lat'><strong>.</strong></span> 
     </span>
    </p>
   </div>
   <div class='ocr_carea' id='block_1_5' title="bbox 28 4023 1148 4194">
    <p class='ocr_par' dir='ltr' id='par_1_6' title="bbox 28 4023 1148 4194">
     <span class='ocr_line' id='line_1_42' title="bbox 64 4023 1085 4134; baseline -0.026 -23"><span class='ocrx_word' id='word_1_301' title='bbox 64 4056 147 4128; x_wconf 87' lang='lat' dir='ltr'><strong>Cap.</strong></span> <span class='ocrx_word' id='word_1_302' title='bbox 162 4051 276 4108; x_wconf 66' lang='lat' dir='ltr'><strong>mn.</strong></span> <span class='ocrx_word' id='word_1_303' title='bbox 293 4050 373 4134; x_wconf 70' lang='lat' dir='ltr'><strong>Dio..</strong></span> <span class='ocrx_word' id='word_1_304' title='bbox 387 4045 465 4132; x_wconf 71' lang='lat' dir='ltr'><strong>rma.</strong></span> <span class='ocrx_word' id='word_1_305' title='bbox 489 4039 560 4126; x_wconf 82' lang='lat' dir='ltr'><strong>Dip.</strong></span> <span class='ocrx_word' id='word_1_306' title='bbox 583 4041 653 4098; x_wconf 89' lang='lat' dir='ltr'><strong>Val.</strong></span> <span class='ocrx_word' id='word_1_307' title='bbox 667 4041 745 4097; x_wconf 80' lang='lat' dir='ltr'><strong>Max.</strong></span> <span class='ocrx_word' id='word_1_308' title='bbox 759 4059 790 4126; x_wconf 76' lang='lat' dir='ltr'><strong>p,</strong></span> <span class='ocrx_word' id='word_1_309' title='bbox 808 4055 833 4094; x_wconf 86' lang='lat' dir='ltr'><strong>r.</strong></span> <span class='ocrx_word' id='word_1_310' title='bbox 847 4037 874 4091; x_wconf 86' lang='lat'><strong>6.</strong></span> <span class='ocrx_word' id='word_1_311' title='bbox 893 4043 951 4090; x_wconf 79' lang='lat' dir='ltr'><strong>ext.</strong></span> <span class='ocrx_word' id='word_1_312' title='bbox 966 4023 1035 4088; x_wconf 75' lang='lat' dir='ltr'><strong>&#39;cta</strong></span> <span class='ocrx_word' id='word_1_313' title='bbox 1082 4049 1085 4062; x_wconf 92' lang='lat'><em>·</em></span> 
     </span>
     <span class='ocr_line' id='line_1_43' title="bbox 28 4101 1148 4194; baseline -0.018 -15"><span class='ocrx_word' id='word_1_314' title='bbox 28 4126 60 4180; x_wconf 89' lang='lat' dir='ltr'><strong>in</strong></span> <span class='ocrx_word' id='word_1_315' title='bbox 73 4125 140 4180; x_wconf 83' lang='lat' dir='ltr'><strong>Pia.</strong></span> <span class='ocrx_word' id='word_1_316' title='bbox 160 4139 186 4179; x_wconf 88' lang='lat' dir='ltr'><strong>c.</strong></span> <span class='ocrx_word' id='word_1_317' title='bbox 200 4139 243 4178; x_wconf 82' lang='lat' dir='ltr'><strong>aa.</strong></span> <span class='ocrx_word' id='word_1_318' title='bbox 263 4123 392 4194; x_wconf 69' lang='lat' dir='ltr'><strong>Appian.</strong></span> <span class='ocrx_word' id='word_1_319' title='bbox 409 4115 514 4172; x_wconf 71' lang='lat' dir='ltr'><strong>tnnc</strong></span> <span class='ocrx_word' id='word_1_320' title='bbox 537 4121 571 4166; x_wconf 85' lang='lat' dir='ltr'><strong>rt.</strong></span> <span class='ocrx_word' id='word_1_321' title='bbox 590 4112 711 4186; x_wconf 75' lang='lat' dir='ltr'><strong>loseph.</strong></span> <span class='ocrx_word' id='word_1_322' title='bbox 730 4113 801 4166; x_wconf 80' lang='lat' dir='ltr'><strong>Dto·</strong></span> <span class='ocrx_word' id='word_1_323' title='bbox 837 4101 1051 4182; x_wconf 54' lang='lat' dir='ltr'><strong>unumve</strong></span> <span class='ocrx_word' id='word_1_324' title='bbox 1143 4152 1148 4170; x_wconf 82' lang='grc'>,</span> 
     </span>
    </p>
   </div>
   <div class='ocr_carea' id='block_1_6' title="bbox 28 4179 965 4286">
    <p class='ocr_par' dir='ltr' id='par_1_7' title="bbox 28 4179 965 4286">
     <span class='ocr_line' id='line_1_44' title="bbox 28 4179 965 4286; baseline -0.022 -32"><span class='ocrx_word' id='word_1_325' title='bbox 28 4187 487 4270; x_wconf 72' lang='lat' dir='ltr'><strong>suabo,·t.ia.p.t⁵8·t¹tut.</strong></span> <span class='ocrx_word' id='word_1_326' title='bbox 534 4179 781 4257; x_wconf 64' lang='lat' dir='ltr'><strong>iactante.</strong></span> <span class='ocrx_word' id='word_1_327' title='bbox 833 4213 841 4220; x_wconf 96' lang='lat'>·</span> <span class='ocrx_word' id='word_1_328' title='bbox 939 4209 965 4286; x_wconf 42' lang='lat' dir='ltr'><strong>:n</strong></span> 
     </span>
    </p>
   </div>
   <div class='ocr_carea' id='block_1_7' title="bbox 0 0 1356 4694">
    <p class='ocr_par' dir='ltr' id='par_1_8' title="bbox 0 0 1356 4694">
     <span class='ocr_line' id='line_1_45' title="bbox 0 0 1356 4694; baseline 0 5"><span class='ocrx_word' id='word_1_329' title='bbox 0 0 1356 4694; x_wconf 95' lang='lat' dir='ltr'><strong> </strong></span> 
     </span>
    </p>
   </div>
  </div>
 </body>
</html>
