2654 4690
1302 175 1303 210 t

294 252 354 318 aas
396 253 597 318 raarnsn.
616 241 1253 318 surrncnnnronuu'nn.un1..

91 507 92 522 ,
136 465 279 530 Μόνον
294 476 328 526 ct
344 460 541 525 conscientia
560 479 714 534 securus,
737 481 836 602 puum
853 473 975 522 tantum
994 460 1133 522 aliorum
1152 457 1215 520 sibi
1233 455 1287 552 do·

122 531 279 620 ,3·⁰·⁰¹·
294 543 422 614 lendam
442 544 547 606 vicem
565 556 714 628 putaret,
758 543 840 604 ectis
864 543 1128 628 proscriptorum
1153 539 1288 601 nomim-

142 629 146 638 “
294 627 374 699 bus,
398 646 496 710 quum
517 645 553 688 se
576 645 707 709 quoque
727 623 858 686 videret
877 623 1097 710 adscriptum
1128 625 1183 683 Vae
1200 619 1289 679 matera

295 711 371 781 mihi,
393 708 426 768 in
452 707 517 768 uit:
532 706 642 787 suardus
656 709 682 768 Α
695 705 837 784 όαιιιιῌηε
852 705 1035 788 prafequirur.
1066 711 1181 787 Neque
1195 703 1306 784 longe

295 807 417 874 pregre
446 809 501 862 us,
524 786 719 872 aquodam,
743 787 799 885 qui
820 807 894 849 eum
913 801 1106 871 agnoverat,
1127 785 1307 870 percussutt

253 938 256 950 ,
295 869 351 934 eil.
384 870 537 954 idemque
566 870 636 932 sire
661 870 784 941 Lollii,
815 871 886 933 sive
907 868 1074 951 cujusdam
1095 866 1231 930 alterius
1249 867 1293 928 la-

295 967 382 1028 tum,
407 953 466 1015 sed
488 971 528 1015 ex
548 951 688 1026 merito,
711 951 785 1014 fuit.

140 1111 229 1165 Lauta
244 1069 287 1162 aa·
361 1084 462 1152 XXV.
490 1087 522 1146 ls
544 1081 700 1168 singulari
724 1079 885 1168 pravitate
910 1080 943 1142 iu
969 1081 1037 1144 enii
1061 1081 1295 1146 interturbant

109 1181 221 1250 §usuam
235 1181 286 1232 tm·
300 1169 334 1228 in
355 1166 464 1230 iorum
486 1163 526 1227 ad
547 1163 718 1248 legendam
744 1164 882 1226 tabulam
907 1101 1047 1248 galliana
1067 1177 1309 1262 procurrerat,

105 1249 234 1323 probitas
261 1258 286 1302 ct
300 1263 351 1322 et,
374 1269 511 1332 quorum
529 1247 699 1331 proposita
715 1245 846 1306 nomina
864 1245 1049 1330 eognoffet,
1072 1269 1104 1308 ιιι
1124 1267 1183 1310 eos
1201 1245 1296 1307 multa

107 1320 211 1385 sm·
300 1330 537 1392 contumeliose
556 1325 703 1402 dicebat,
728 1328 907 1390 calamitate
928 1327 1124 1391 miserorum
1142 1327 1296 1412 gaudens.

219 1485 228 1492 ,
298 1411 403 1498 Igitur
421 1412 506 1474 hunc
524 1408 623 1472 statim
644 1409 755 1472 divina
772 1409 935 1493 corripuit
946 1411 1038 1472 ultio.
1060 1431 1210 1496 namque,
1226 1410 1299 1470 dum

298 1495 330 1558 lc
356 1493 441 1555 endo
466 1489 696 1590 carpendoquc
723 1491 871 1574 singulos
897 1491 1028 1576 pergit,
1061 1514 1153 1555 suum
1181 1493 1215 1558 in
1240 1493 1300 1552 ima

299 1515 406 1640 tudela
425 1574 625 1658 adscriptum
646 1592 765 1634 nomen
786 1571 887 1634 ridet.
924 1594 1025 1658 quare
1046 1588 1134 1637 metu
1154 1573 1299 1636 obmute-

300 1655 412 1728 scens,
444 1677 542 1752 quum
561 1675 597 1718 se
616 1654 721 1738 capite
743 1651 903 1739 adoperto
923 1654 1139 1730 subduceret,
1162 1655 1300 1740 agnitus,

300 1753 334 1802 et
353 1760 371 1800 e
388 1735 543 1822 vcssrgio,
571 1736 784 1812 laetantibus,
817 1735 873 1822 qui
894 1733 1097 1814 adstiterant,
1130 1737 1300 1810 omnibus,

302 1819 466 1884 coulollus
490 1817 544 1882 est.

95 1989 101 1996 ·
124 1967 293 2034 Pertcatofis.
365 1951 481 2014 XXVI.
506 1950 585 2014 Inde
604 1951 703 2014 latior
723 1951 757 2014 in
776 1973 890 2016 omnes
908 1973 1028 2039 pavor,
1050 1972 1131 2025 neo,
1154 1949 1235 2036 quid
1254 1961 1304 2012 aut

108 2043 182 2110 fimo
191 2051 289 2109 tet-1¹0·
305 2035 471 2104 lacerent,
493 2047 547 2096 aut
569 2034 777 2108 omitterent,
801 2055 866 2120 quo
885 2037 947 2098 tuti
958 2037 1093 2108 dorent,
1124 2033 1202 2096 satis
1223 2033 1305 2094 seie-

115 2126 161 2166 να.
305 2117 392 2180 bant.
435 2117 624 2179 Accederes
642 2117 683 2178 ad
698 2117 849 2190 tabulam,
871 2139 933 2203 pro
953 2117 1082 2180 curioso
1098 2115 1306 2202 periclitare-

304 2199 374 2264 ris:
395 2219 461 2260 non
479 2198 675 2273 accederes,
698 2221 760 2286 pro
782 2199 990 2284 indignante:
1014 2217 1205 2296 quaereres,
1230 2195 1307 2292 quid

308 2282 466 2364 scriptum
485 2281 584 2358 effet3
614 2301 676 2364 pro
701 2294 735 2344 te
758 2295 812 2343 aut
833 2283 899 2344 tuia
926 2281 1126 2346 conscientia
1145 2280 1308 2342 sollicitus

307 2362 490 2426 videreris:
515 2360 653 2424 adstaret
669 2363 805 2441 tacitua3
826 2363 912 2425 odiis
931 2366 1092 2426 latronum
1110 2361 1308 2442 objicerem,

308 2455 470 2540 tamquam
496 2443 577 2506 milti
605 2445 745 2510 silentio,
760 2447 946 2530 praesentia
970 2446 1131 2509 damnans.
1174 2449 1257 2508 Nam
1280 2455 1311 2504 et

309 2527 414 2598 multa,
439 2525 526 2609 quod
545 2527 598 2590 vel
618 2527 817 2590 subriscrant
833 2527 872 2590 ad
891 2530 977 2605 talia,
1000 2529 1053 2590 vel
1071 2527 1216 2589 frontem
1234 2545 1311 2586 con-

308 2621 493 2681 traxerant,
516 2609 743 2674 caedebantur.
764 2631 870 2694 nequc
891 2624 945 2674 aut
964 2610 1060 2673 amici
1078 2629 1154 2672 casu
1170 2605 1312 2690 ingemi·

308 2687 419 2762 scere,
441 2704 496 2753 aut
512 2689 691 2760 adversarii
708 2693 808 2754 exitio
826 2693 939 2756 laetari
956 2692 1088 2776 impune
1105 2703 1188 2752 erat.
1211 2693 1313 2750 Prae-

218 2840 221 2847 ,
309 2785 402 2834 terea
419 2773 529 2834 multis
547 2772 750 2857 perniciosus
768 2775 996 2856 cognominum
1014 2793 1111 2836 error
1126 2785 1208 2842 erat,
1232 2789 1314 2856 quac

310 2854 535 2997 perculsores,
567 2855 624 2916 ubi
652 2855 853 2938 proscriptos
884 2877 950 2918 non
978 2856 1123 2928 nollent,
1154 2853 1231 2914 aliis
1261 2851 1315 2913 ad-

337 2935 495 3020 ngebant:
517 2937 667 3000 oriebatu
710 2957 751 2998 ue
773 2957 871 3020 saepe
890 2935 1315 3022 imponentiumcognomi-

310 3039 351 3082 na
373 3031 407 3082 et
425 3015 644 3099 rejicientium
663 3038 703 3080 re
729 3038 841 3080 emens
862 3019 1041 3082 contentio.
1084 3023 1134 3083 Ne
1156 3017 1315 3080 mulieres

336 3099 444 3162 uidem
467 3113 635 3184 exemptae
654 3100 786 3184 penitus
803 3103 953 3184 periculo
972 3113 1081 3176 eraut,
1114 3100 1196 3184 quin
1220 3099 1315 3162 etiarn

310 3121 440 3246 illarum
460 3181 634 3244 nonnullae
653 3181 771 3266 gladiis
791 3181 1026 3247 homicidarum
1047 3181 1289 3262 objicerentur.

140 3323 299 3379 laromam
371 3313 504 3378 xxvlt.
532 3313 622 3376 luter
637 3311 695 3376 has
713 3313 860 3379 miserias
879 3315 984 3378 minus
1002 3313 1202 3378 ridebantur
1222 3313 1315 3373 mile·

120 3411 181 3478 ’Ψ
201 3395 297 3452 miter·
310 3395 448 3469 rabilct,
480 3415 562 3477 quos
586 3395 718 3478 ignaros
740 3399 840 3461 sortis
859 3420 954 3472 suae,
986 3411 1040 3460 aut
1063 3396 1138 3457 dum
1157 3396 1252 3458 illam
1274 3394 1315 3455 di·

121 3479 207 3520 m·
310 3475 421 3550 icunt,
443 3473 613 3561 perculior
634 3481 823 3564 occupabat.
852 3501 978 3553 eorum,
1001 3481 1068 3564 qui,
1091 3479 1247 3563 praeviso
1264 3499 1315 3562 pe·

308 3559 435 3632 riculo,
464 3575 500 3619 ae
519 3558 808 3636 abscondiderant,
839 3563 980 3624 sollicita
1006 3573 1039 3624 et
1062 3577 1169 3622 morte
1195 3559 1315 3623 tristior

308 3641 377 3704 rita
396 3651 488 3713 erat,
518 3639 594 3724 quia
612 3659 719 3725 neque
739 3643 939 3740 profugere,
963 3663 1005 3704 ne
1026 3642 1315 3727 deprehenderen·

309 3735 381 3794 tur,
410 3719 588 3799 audebant3
616 3743 725 3807 neque
750 3746 784 3784 ιιι
806 3735 896 3786 tanto
918 3725 1063 3787 omnium
1081 3737 1191 3796 metu,
1224 3742 1315 3806 quun

309 3803 405 3866 multi
426 3803 466 3866 ab
490 3804 688 3870 amicillimia
711 3805 952 3892 proderentur,
985 3803 1153 3870 confidere
1182 3804 1315 3868 latebris

188 3916 191 3922 ·
310 3899 473 3972 poterant.

437 4153 504 4213 Val.
517 4154 596 4212 Max.
611 4171 639 4226 o,
654 4171 682 4215 a.
784 4193 791 4214 .
810 4155 929 4217 XXVII.
947 4154 1017 4214 Dio.
1110 4207 1131 4238 v.

314 4083 423 4214 ὣς.
437 4083 541 4142 xxtv.
568 4085 656 4142 Oros.
692 4083 875 4232 epppxxv.
902 4083 994 4141 Diod,
1013 4081 1212 4160 aputhles.
1252 4087 1315 4160 Cap
