2680 4690
267 217 313 282 ru
330 215 482 280 noenu
502 213 855 282 annorumve.
996 211 1058 294 sea

77 351 191 368 w·

72 418 143 514 dam
158 419 397 502 Themiscyram
414 421 514 496 milla,
535 441 617 506 quac
634 419 676 482 ad
688 417 984 484 Thermodoontem
998 417 1058 482 flu·
1088 421 1122 478 U.
1132 437 1158 476 c.
1167 421 1229 482 68⁰.

71 522 161 597 vrum
180 502 374 576 Amazonis,
404 525 421 566 a
445 525 508 588 qua
529 502 659 568 condita
681 502 778 574 esset,
806 499 927 564 habere
941 521 1059 564 nomen
1073 491 1223 564 ,menn

71 582 253 646 dicebatur.
297 583 361 646 Hic
388 605 408 646 o
433 586 548 647 eribus'
567 583 789 666 cuniculisque
813 595 931 643 tentata
954 581 1061 643 omnia

72 679 165 738 sunt,
188 667 245 750 qui
262 677 327 725 tam
343 608 441 750 ampii
456 665 681 736 fodiebantur,
702 677 738 726 ut
753 663 944 746 quandoque
961 663 994 724 iu
1010 663 1059 726 eis

69 747 163 808 relut
183 745 413 808 subterraneae
431 769 474 830 pu
499 767 557 808 nae
576 743 702 807 fierent.
729 747 796 806 Eos
815 743 931 806 obselli
946 765 1060 828 super-

69 847 113 889 ne
133 828 340 912 aperiebant,
362 768 506 890 imminit
531 847 572 890 ue
589 825 694 898 ursis,
720 837 752 887 et
773 823 844 884 aliis
860 823 987 895 bestiis,
1009 825 1060 882 in-

69 907 202 970 terdum
223 923 256 970 et
272 929 364 994 apum
383 909 520 972 examini
543 929 600 979 us,
622 927 691 980 eos,
714 906 770 992 qui
788 905 823 966 in
840 923 941 989 opere
957 915 1060 978 eraut,

69 991 162 1053 omni
181 1010 303 1076 genere
323 990 510 1054 calamitatis
527 986 693 1068 vexabant.

132 1123 251 1182 xxxt.
274 1121 368 1184 Circa
385 1119 526 1184 Amisum
548 1117 683 1202 segnior
698 1115 828 1179 obsidio
845 1128 931 1189 erat,
955 1115 1060 1177 ertit-
1084 1123 1259 1183 Amissuri·

68 1201 250 1278 mulares,
271 1203 392 1275 audito,
415 1221 484 1265 eam
504 1202 574 1264 sine
613 1197 727 1260 roeliis
745 1198 904 1270 adsideri,
926 1209 1060 1280 recepto
1073 1198 1152 1252 sidet·

69 1286 199 1358 auimo,
220 1284 347 1346 Cabiris
362 1282 560 1356 substiterat,
582 1221 679 1342 adium
697 1279 875 1342 exercitum
891 1278 1061 1374 colligens.

67 1367 107 1430 ld
125 1367 281 1428 Lucullus
302 1385 367 1427 non
386 1385 485 1449 aegre
504 1361 702 1448 patiebatur,
731 1358 1063 1444 reprehendentibus-

71 1469 137 1544 que
154 1448 298 1522 dicebat,
319 1447 465 1510 consulto
486 1467 523 1508 se
542 1445 578 1506 id
595 1461 704 1584 sqcre,
724 1463 778 1514 ne,
797 1443 896 1504 rebus
913 1438 1064 1534 despera·

70 1544 134 1603 trs,
158 1530 199 1592 ad
213 1530 387 1613 Tigranem
403 1525 596 1610 confugiens
636 1520 710 1586 ollis
726 1523 881 1604 majorem
895 1521 975 1582 belh
993 1539 1063 1582 mo·

69 1612 137 1674 lena
156 1611 348 1674 concitaret.
375 1603 712 1693 Igiturlditbridatca,
736 1603 911 1668 contractis
928 1599 1065 1686 quadra-

70 1695 163 1778 ginta
190 1693 296 1756 ferme
321 1693 485 1776 pediturn,
522 1701 597 1752 octo
622 1687 768 1769 equitum
789 1685 952 1756 millibus,
983 1683 1066 1744 Dio·

71 1775 227 1918 phantum
241 1788 275 1838 et
288 1775 431 1836 Taxilen
449 1791 520 1834 curu
536 1768 632 1832 noris
647 1767 752 1851 copiis
769 1767 810 1828 ad
825 1766 957 1850 priores
970 1783 1049 1848 prae

87 1871 181 1920 ectus
201 1856 309 1932 misit3
339 1877 356 1917 a
377 1853 495 1940 quihus
509 1849 652 1926 Amisum
671 1845 823 1910 destinata
846 1846 1007 1918 subsidia,
1031 1857 1066 1907 et

71 1937 258 2024 frequentia
274 1935 432 2020 equestria
453 1932 638 2002 certamina,
661 1929 720 1992 sed
737 1930 827 1993 nullo
841 1927 960 1992 eximio
972 1928 1007 1989 iu
1019 1925 1066 1988 sl·

71 2034 230 2084 terutram
248 2034 373 2104 partem
390 2027 565 2087 momento,
585 2011 672 2074 laeta
686 2024 771 2075 sunt.

132 2153 265 2215 xxxtt.
294 2152 381 2212 Dum
397 2147 477 2210 baec
497 2141 719 2207 aldithridate
741 2154 775 2204 et
792 2137 928 2202 Lucullo
946 2155 1065 2232 gerun·
1089 2155 1166 2212 cp„
1173 2149 1253 2207 Hm.

72 2245 145 2310 tur,
166 2237 211 2298 M.
228 2235 321 2296 Cotta
338 2225 511 2316 proconsul
530 2223 686 2288 Prusiade
702 2221 872 2306 Bithyniae
892 2231 993 2281 vemt.
1015 2217 1065 2278 in·
1077 2227 1254 2296 atramm-

74 2319 134 2392 de,
157 2315 289 2378 Pontici
308 2313 407 2376 maris
427 2331 515 2372 oram
532 2309 666 2390 legens,
689 2305 730 2367 ad
747 2303 939 2366 Heracleam
957 2319 1065 2362 acces·
1078 2303 1154 2366 cm.-

75 2401 128 2463 sit.
171 2397 234 2470 lbi,
257 2396 331 2480 quia
351 2393 455 2480 pacati
472 2389 553 2452 nihil
575 2385 845 2472 respondebatur,
870 2379 1007 2444 adducto
1028 2379 1069 2442 ad

73 2480 204 2543 moenia
229 2477 393 2550 exercitu,
425 2469 697 2616 oppugnationem
718 2481 845 2531 tentare
867 2483 932 2525 non
955 2460 1066 2536 ausus,

74 2583 136 2648 per
152 2573 265 2645 partes
279 2559 468 2622 Heracleam
488 2577 504 2617 a
530 2550 679 2623 saltabat,
709 2569 829 2634 paucos
848 2542 986 2610 subinde
1000 2545 1068 2604 Ro·

74 2663 187 2706 manos
213 2642 353 2716 milites,
383 2637 442 2702 sed
467 2653 615 2719 magnum
640 2631 853 2712 Bithynorum
880 2643 1067 2697 numerum,

75 2723 248 2788 moenibus
267 2721 452 2784 admovens.
495 2713 580 2788 Sed,
604 2733 701 2796 quum
724 2709 812 2773 insui
833 2710 966 2788 incepto
985 2703 1069 2764 nihil

76 2819 210 2891 practer
228 2805 361 2868 vulnera
378 2810 573 2884 reportaret,
595 2791 754 2856 testudine
771 2789 898 2860 ellecta,
921 2784 1070 2847 adhibuit

75 2890 231 2959 arietem,
270 2897 304 2946 at
325 2885 461 2951 turrim,
493 2897 575 2964 quae
592 2874 745 2938 adversus
764 2873 829 2936 rim
849 2889 915 2932 non
935 2867 990 2932 diu
1009 2863 1070 2953 du-

76 2983 186 3032 natura
209 2967 396 3038 videbatur,
425 2961 552 3047 pulsare
577 2955 723 3020 instituit.
773 2953 858 3027 sed}
887 2949 945 3012 ubi
969 2945 1071 3009 semel

77 3053 196 3113 iterum
245 3071 263 3112 e
285 3047 432 3133 perculsa
458 3043 557 3104 turris
581 3057 647 3101 non
672 3037 770 3100 modo
790 3046 924 3120 practer
941 3029 1072 3113 opinio-

78 3153 151 3195 nem
170 3153 208 3194 re
235 3131 304 3204 itit,
339 3128 398 3192 aed
423 3125 518 3188 etiam
540 3121 652 3184 arietis
674 3120 872 3206 perfractum
895 3125 990 3196 caput
1010 3107 1070 3183 cst,

78 3216 294 3277 Heracleotae
319 3213 406 3275 bono
431 3205 556 3278 animo,
588 3201 766 3287 proconsul
789 3197 973 3284 iniquiore,
1003 3191 1068 3256 cll'c

78 3309 271 3382 coeperunt.

124 3427 284 3514 ‚xxxnt
314 3423 418 3508 Igitur
461 3439 536 3480 uum
554 3411 709 3500 postridie
734 3411 842 3476 denuo
863 3399 1068 3472 frustratur·
1092 3414 1265 3476 masalmae

78 3513 138 3574 rim
151 3507 359 3580 verberailct,
374 3441 536 3566 machinae
548 3496 696 3571 cremari,
712 3493 960 3580 architectorum
973 3507 1068 3572 prae·
1081 3486 1193 3572 manda
1208 3483 1257 3550 sa·

79 3593 145 3656 cidi
171 3591 278 3675 capita
294 3588 399 3668 jussit3
427 3581 665 3669 praesidiisque
685 3578 770 3656 iuxta
788 3594 899 3638 muros
917 3568 1068 3634 constitu-
1082 3565 1219 3630 *ΨΜ

79 3677 138 3748 tis,
162 3695 236 3737 curu
251 3670 372 3750 majore
413 3680 482 3732 arte
499 3663 666 3748 copiarum
683 3661 716 3724 iu
731 3677 843 3740 campo
854 3658 979 3736 Lycaeo
991 3671 1070 3714 con-

80 3758 179 3830 sedit,
201 3755 277 3816 loco
296 3751 416 3825 fertili,
441 3748 485 3810 ad,
499 3745 648 3809 alendum
668 3739 801 3803 militem
821 3757 859 3799 co
885 3735 964 3798 iolo.
980 3731 1074 3794 ‘unde

79 3860 175 3923 quum
190 3833 455 3912 Heracleoticum
474 3848 586 3915 agrum
607 3835 735 3887 omnem
752 3760 922 3891 erastaiiet,
945 3813 1072 3886 obselli,

82 3919 218 4004 penuria
231 3916 370 4002 fatigati,
386 3915 494 3978 denuo
509 3909 548 3973 ad
561 3903 756 3976 Chersonesi
771 3901 905 3972 incolae,
922 3911 954 3961 et
965 3895 1074 3957 Theo·

117 4107 188 4182 θαι),
204 4104 309 4164 xxx1.
326 4103 404 4162 Plut.
424 4101 494 4160 Sall.
512 4099 581 4168 ffist·
595 4100 624 4170 4,
641 4115 665 4159 ι.
682 4093 810 4172 Appias.
828 4085 908 4146 Plut.
925 4083 1075 4160 Mcnmon.
