2734 4688
300 981 305 992 ·
340 891 376 996 ι’
465 945 758 1031 tontmtts
801 952 1204 1028 ructusnuttu

226 1123 231 1136 ’
264 1101 272 1112 ’
386 1099 747 1237 ὲυιιιιιιιιιιιοιιυιι
767 1143 1008 1203 ιινιιιιοιιιιιι
1034 1143 1150 1202 unna
1166 1139 1268 1200 nxvt.

390 1363 393 1372 .
513 1311 871 1392 innocentum
893 1322 944 1422 cr.
966 1321 1141 1396 nuru.

168 1575 202 1632 U.
215 1591 241 1631 c.
253 1575 316 1636 tet.
388 1577 413 1636 1.
442 1569 648 1636 Mithridates
672 1569 798 1634 interea
816 1570 897 1634 Pom
922 1570 1005 1654 ejum
1020 1569 1160 1658 'fugiens
1181 1573 1227 1636 ita
1246 1593 1318 1659 pro·

167 1646 301 1732 3:⁰4⁶·
327 1655 506 1720 sectionem
528 1651 731 1728 instituebat,
761 1668 797 1716 ut
813 1669 903 1718 nocti
926 1675 964 1718 ns
980 1655 1253 1740 progrederetur,
1274 1657 1319 1716 in·

43 1771 47 1780 v
162 1715 436 1805 M'⁸⁶''³'·tcrdiu
459 1737 695 1820 requiesceret.
743 1739 858 1823 Neque
879 1737 1012 1800 multum
1036 1738 1168 1800 itineris
1188 1757 1318 1822 praece·

131 1786 316 1906 ‘'facer-ten..
326 1834 439 1908 peret,
463 1833 496 1882 et
515 1815 669 1902 postridie
689 1815 809 1892 statim,
838 1815 1047 1906 quam'cistra
1065 1819 1234 1892 merida,
1257 1822 1319 1882 lic-
1341 1847 1346 1856 ·

12 1907 15 1918 '
132 1869 302 1992 quadrimi
326 1901 414 1966 meni
433 1914 526 1965 erant
545 1915 723 1963 extremum
741 1921 855 1984 agmen
873 1901 1077 1987 consequuti.
1108 1923 1172 1966 nec
1197 1901 1319 1964 dubita-

225 2033 230 2044 .
267 2013 271 2022 ·
325 1986 405 2048 bsnt
424 1983 520 2054 eutici
544 1981 654 2068 regis,
683 1985 763 2079 quin
789 1983 995 2068 pugnandum
1019 1985 1117 2048 cibet:
1146 1983 1241 2070 ipse,
1265 1985 1321 2046 alia

227 2103 231 2110 ·
326 2067 433 2132 omnis
451 2063 654 2152 praeferens,
678 2080 756 2127 satrs
773 2065 921 2138 babebat,
939 2065 1110 2154 ¹equitibus
1129 2066 1251 2130 emissis
1271 2087 1320 2126 an·

324 2146 676 2232 tecursoresl’ompeji
693 2147 867 2232 repellere.
909 2149 955 2210 lta
982 2147 1130 2210 cedendo
1152 2147 1320 2210 Mithrida-

271 2300 274 2312 ,
308 2239 399 2309 ‚ttt'ti‘
418 2228 619 2314 insequendo
632 2229 786 2310 demetri,
811 2227 850 2291 'ad
863 2225 946 2292 fines
957 2231 1112 2315 Tigranis
1127 2248 1233 2325 nsque
1247 2250 1319 2315 prc-

229 2322 234 2334 '
325 2315 498 2392 ceffqruqt.
531 2313 645 2394 Neque
666 2311 752 2381 enim
773 2301 892 2456 cupide
911 2309 1075 2396 pqgnandi
1089 2314 1252 2396 Pompelo
1270 2325 1319 2374 aut

325 2395 398 2458 dies
417 2394 596 2536 opportuni
613 2407 723 2466 erant,
747 2413 810 2477 quo
853 2389 963 2456 cestris
978 2393 1185 2460 Mithridates
1203 2407 1270 2456 turn
1287 2413 1321 2454 se

326 2476 459 2539 contine
483 2489 533 2552 ιη
557 2489 610 2536 aut
624 2488 758 2546 noctes,
803 2475 868 2537 uod
884 2475 919 2536 in
940 2477 1023 2540 locis
1035 2477 1165 2559 ignotis
1184 2490 1320 2538 temera-

325 2557 410 2620 rium
424 2555 596 2620 ridebatur
610 2557 697 2618 inter
710 2495 863 2619 tenebras
879 2555 1069 2642 confligere.
1093 2557 1159 2620 Sed
1176 2557 1233 2618 nbi
1245 2579 1319 2618 ren-

324 2653 392 2701 tum
412 2637 450 2700 ed
464 2641 513 2701 Eu
537 2638 652 2700 bratcn
668 2633 731 2710 est,
755 2658 851 2722 quem
871 2639 899 2701 ei
917 2639 1139 2702 transmittere
1153 2639 1320 2702 Mithrida·

324 2733 376 2784 tes
396 2661 797 2804 occupairet‚'efiugerat;
820 2739 886 2782 non
903 2719 1025 2784 diutius
1043 2720 1259 2782 cunctandum
1274 2743 1321 2781 ra·

325 2817 378 2865 tus
398 2803 594 2886 imperator,
616 2801 661 2863 ita
680 2819 718 2864 se
732 2802 975 2888 exercitamque
991 2804 1136 2887 pararit,
1158 2816 1195 2864 ut
1212 2805 1319 2887 proxi·

325 2905 378 2947 me
392 2887 495 2946 ‘nocte
517 2881 698 2944 dimicaret.

156 3007 301 3070 judu.
388 2993 428 3054 11.
456 2988 610 3051 Armenia
627 2989 735 3050 minor
756 3003 842 3063 erat,
864 3010 925 3076 per
947 3013 1040 3089 quam
1062 2991 1188 3055 ibatur:
1219 3012 1321 3078 neque

141 3090 242 3147 querna
259 3096 308 3151 sg-
327 3075 426 3156 longe
443 3069 581 3133 distabat
594 3071 707 3143 amnis,
731 3071 889 3135 terminus
905 3073 998 3153 buJus
1017 3087 1050 3136 et
1063 3075 1201 3137 alterius
1214 3076 1322 3137 Arme·

143 3147 278 3219 greatest.
329 3157 421 3228 niae,
453 3151 505 3215 cui
523 3153 682 3234 Tigranes
703 3151 892 3238 imperabat.
935 3157 1056 3240 igitur,
1080 3157 1321 3239 quiescentibus

328 3239 387 3300 sub
413 3232 584 3296 meridiem
609 3232 777 3308 barbaris,
812 3237 976 3300 Romanus
1000 3237 1135 3300 silentio
1160 3238 1271 3301 cestris
1293 3261 1320 3300 e-

327 3317 451 3402 gressbs
470 3313 645 3402 anterertit
661 3313 798 3390 bostem,
823 3319 907 3380 etin
925 3321 995 3392 ria,
1019 3339 1080 3416 qua
1094 3321 1320 3383 transeundum

327 3397 431 3482 regiis
451 3409 538 3466 erat,
562 3395 669 3458 locum
689 3397 863 3461 editiorem
880 3415 1061 3485 occupavit,
1083 3415 1120 3462 ut
1135 3403 1254 3484 majori
1271 3405 1321 3466 im-

328 3495 407 3566 petu
424 3477 637 3557 insubjectus
656 3475 858 3544 decurreret.
888 3487 991 3545 Nocte
1008 3496 1125 3566 coepta
1141 3483 1273 3547 barbari
1289 3507 1323 3546 ex

284 3583 287 3588 ·
328 3563 442 3646 priore
465 3555 608 3621 instituto
632 3561 797 3646 capeiiunt
817 3561 900 3626 iter:
932 3564 1012 3625 adeo
1031 3563 1092 3644 jam
1113 3565 1216 3627 soluti
1237 3587 1323 3640 cura,

330 3641 419 3727 qnod
434 3641 474 3703 ed
490 3641 561 3703 loce
577 3655 645 3703 tuta
661 3657 855 3726 perventum
873 3645 1067 3718 credebant,
1096 3663 1134 3710 nt
1151 3649 1237 3710 nulli
1258 3671 1325 3734 spe·

331 3723 493 3786 cuiatores
519 3723 758 3808 praecederent
783 3744 907 3809 agmen.
957 3727 1084 3790 ldcircc
1105 3731 1203 3812 prius
1227 3732 1326 3812 subje-

280 3855 284 3864 ,
330 3819 413 3869 ctam
427 3803 576 3890 Pompeii
594 3804 704 3868 castris
722 3808 838 3870 vallem
857 3808 1000 3894 ingredi,
1027 3830 1122 3894 quam
1139 3809 1262 3875 bostem
1275 3815 1327 3876 ad·

364 3996 437 4066 Cep.
455 3993 479 4050 1.
504 3992 573 4061 Dic,
594 3993 616 4047 l.
628 3993 673 4049 36.
693 3991 821 4066 Appiae.
839 3993 971 4049 Mitbrid.
991 3994 1060 4051 Dic.
1081 3997 1162 4056 Piut.
1181 4001 1286 4072 Pomp.
1302 4019 1327 4056 r.
1356 4027 1357 4032 ¹

330 4065 374 4187 pp..
394 4063 462 4119 Dio.
499 4063 572 4134 Cap.
583 4063 620 4117 11.
639 4063 764 4135 Eutrop.
787 4065 909 4120 Ptolem.
922 4067 950 4135 t,
966 4065 1007 4122 ιδ.
1026 4065 1097 4120 Dio.
1117 4071 1290 4138 Frontina,
1301 4091 1324 4126 ι.
1356 4081 1357 4129 4

359 4151 399 4188 ιο.
465 4156 469 4166 ’
