2654 4684
60 3989 63 3996 ,
134 3931 228 3998 stede.

636 81 701 154 “c

319 270 361 352 qo
381 267 661 333 canlnsnnnn
682 263 1093 331 sopennnccnconnn
1105 245 1180 331 nm.
1192 271 1293 335 xciv.

320 387 1294 424 m-fflssffl

150 485 183 540 U.
199 503 227 540 e.
240 483 304 544 668.
332 519 336 530 -
377 475 446 538 XL.
470 474 643 536 Marlucbic
668 490 764 554 corpus
783 474 864 556 suum
897 474 1047 556 electroque
1062 473 1172 550 credet,
1206 479 1295 556 aqui.

149 557 185 609 Α.
202 557 237 624 C,
250 556 298 627 87·
317 557 366 619 buc
380 562 504 639 proximo
518 577 586 616 antro
602 555 682 634 bostis
688 555 833 634 judicatur
848 579 863 616 e
893 557 908 614 l
929 577 963 616 on
980 557 1024 616 illi
1037 555 1148 638 reccdam
1158 555 1237 638 suam
1250 579 1293 617 ur·
1317 621 1318 630 χ

316 642 425 720 beutqrce
448 659 496 699 aut
526 643 672 700 exercitum
700 637 1002 712 commutabilium,
1033 640 1111 718 cujus
1136 638 1293 698 irritabilem

173 721 181 762 l
315 725 435 782 atumem
452 741 504 780 non
522 723 669 800 igecarant,
695 724 796 780 recenti
813 719 915 800 ctjlirtfia
936 719 1005 780 nibil
1024 719 1118 794 aliud,
1157 739 1236 800 qaam
1256 721 1293 780 ul.

316 806 433 876 monim,
456 801 607 862 meditari?
642 800 747 863 Scilicet
768 803 821 862 Cn.
841 805 971 863 Octavius
985 821 1016 860 ca
1031 802 1065 861 de
1082 822 1113 860 re
1130 801 1168 862 ad
1178 797 1294 881 secutum

226 893 228 900 '
315 883 436 966 refem,
466 903 521 942 tam
536 887 665 942 eminente
679 887 709 942 in
730 882 868 944 Sullanam
879 883 1028 967 factionem
1044 881 1156 962 studio,
1177 901 1210 940 ut
1229 883 1295 941 dele·

214 1029 217 1044 ,
315 987 374 1026 ctus
394 967 427 1024 ab
444 963 521 1028 Sulla
539 964 652 1048 faerit,
683 985 759 1046 quent
778 985 877 1038 tecum,
911 967 945 1029 L.
967 965 1073 1038 Cinna,
1109 969 1188 1024 immo
1210 983 1295 1025 cotnra

273 1102 275 1112 ,
313 1067 341 1108 te
364 1045 494 1128 confidem
509 1045 639 1128 fhcerec?
662 1047 818 1108 Decernent
842 1067 905 1106 vcro
922 1067 980 1106 tum
998 1045 1064 1120 aiii,
1094 1051 1160 1114 turn
1173 1065 1238 1105 nero
1254 1067 1295 1106 cu-

309 1125 444 1210 pidiffinte
467 1127 510 1212 2
528 1125 662 1201 Catulccc,
689 1128 748 1210 post
769 1127 948 1210 interverficm
976 1126 1106 1190 Cimbrici
1128 1125 1194 1188 belli
1224 1127 1296 1187 decus

308 1207 416 1294 semper
430 1207 575 1290 obliquus?

291 1357 294 1373 ‘
375 1341 456 1400 xm.
479 1337 523 1424 ,Q
537 1357 626 1399 autem
645 1335 782 1400 Metellus
797 1359 825 1401 et
845 1339 896 1404 Cn.
913 1336 1074 1422 Pompeius,
1103 1340 1150 1422 qui
1165 1339 1219 1402 coli
1233 1356 1297 1400 nunc

304 1421 395 1505 justos
414 1425 548 1481 exercitas
564 1420 677 1495 babent,
699 1421 769 1482 bunc
788 1427 867 1483 enixe
884 1426 1012 1502 recipient
1019 1421 1235 1503 jacebantque?
1255 1421 1297 1480 ille

309 1521 487 1588 potentorum
504 1505 707 1562 inimicitiarum
725 1503 835 1577 batres,
857 1502 899 1564 bic
916 1521 971 1562 tam
986 1504 1098 1585 cupidus
1112 1509 1294 1586 imperiorum,

236 1631 242 1672 ι
312 1607 345 1646 ut
363 1585 497 1645 traditum
512 1582 612 1665 coetsctli
626 1587 773 1644 exercitum
795 1607 853 1651 nece
868 1584 943 1645 illius
962 1601 1082 1666 repetere
1098 1605 1152 1646 non
1162 1582 1205 1665 fit
1226 1591 1298 1644 neri-

312 1687 378 1739 tus,
408 1667 507 1725 nedum
521 1664 569 1725 iile
590 1669 674 1746 recipi
687 1665 803 1748 exfialem
811 1663 905 1747 finnt:
927 1685 986 1726 eum
1002 1671 1158 1748 praecipue,
1181 1687 1259 1749 quem
1271 1669 1298 1722 it

311 1747 379 1811 banc
397 1748 545 1830 „dertonam
563 1765 597 1805 eu
623 1751 705 1806 rcimin
722 1748 869 1828 cupiditate
891 1751 1043 1828 prouinciae
1059 1767 1087 1808 et
1105 1754 1241 1810 exercitus
1257 1751 1297 1805 in-

311 1827 402 1910 cidisse
425 1831 510 1889 norit.
554 1829 658 1908 Nempe
673 1824 703 1906 fi
717 1828 853 1890 decretum
874 1829 906 1889 ab
926 1829 1025 1910 sectatu
1051 1828 1149 1889 bellum
1174 1827 1297 1890 Mithri·

311 1912 430 1972 dacicum
457 1910 575 1968 adimere
606 1911 640 1968 L.
663 1907 755 1977 Sullae
775 1911 890 1972 Marius
916 1910 1020 1982 uoluit,
1058 1929 1087 1970 et
1106 1911 1318 1994 propemodum*

307 1997 420 2076 potuit:
445 1991 513 2072 quid
536 1991 660 2070 Pompeio
688 1990 855 2074 relinquitur
875 1992 954 2074 spei,
986 2011 1069 2073 aquo
1087 2013 1140 2052 reon
1154 1993 1239 2052 modo
1256 2012 1298 2050 re·
1317 2003 1318 2056 3

311 2095 402 2150 teritus
421 2093 516 2133 contra
537 2073 702 2132 celeritatem
722 2073 838 2134 Puerum
856 2079 1009 2148 exercitus,
1033 2075 1085 2156 sed
1106 2077 1188 2134 etiam
1207 2073 1318 2153 recipiat¹

170 2159 298 2216 cnutus
310 2157 343 2219 ab
354 2151 453 2248 senatu
469 2176 515 2214 con
529 2153 559 2213 ul
574 2153 670 2234 cecilius
688 2153 746 2233 esi?
785 2157 932 2216 Enimvero
947 2156 1009 2217 baec
1028 2154 1073 2216 nel
1085 2161 1234 2237 praecipua
1252 2174 1298 2212 no·

138 2245 262 2311 ,mum
309 2239 350 2305 bis
375 2239 491 2316 cauriae
513 2258 526 2294 e
549 2235 644 2308 debet,
681 2257 713 2296 ne
735 2237 865 2297 bominem
883 2257 924 2297 tot
945 2257 1025 2319 atqcue
1044 2241 1128 2298 tantis
1145 2239 1318 2296 ininticitiir*

309 2321 436 2384 obrutum
454 2321 494 2378 ita
510 2316 731 2398 complectamur,
763 2322 838 2380 utin
860 2339 907 2380 noc
922 2337 1046 2400 expetere
1065 2318 1128 2378 odia
1146 2315 1202 2400 ipss
1222 2315 1297 2376 debi-

310 2423 339 2464 ta
355 2395 464 2483 pofflnt.
508 2397 601 2458 Multi
614 2397 687 2458 baud
701 2399 779 2460 dubie
793 2399 906 2480 instrat,
926 2419 976 2462 aut
994 2403 1074 2460 etiam
1091 2419 1205 2460 neutras
1230 2417 1299 2479 por·
1317 2425 1318 2488 p

310 2505 351 2546 tes
363 2483 550 2564 sequentium,
583 2477 628 2538 ubi
645 2479 714 2540 butte
732 2480 864 2542 nobiccum
881 2479 930 2564 effi
951 2481 1081 2558 audien,
1110 2481 1171 2542 odia
1189 2499 1318 2544 metum}

309 2565 385 2626 illius
402 2565 433 2623 in
450 2560 563 2644 adverftt
576 2559 661 2638 rastra
679 2564 864 2642 tortjicientur.
1317 2551 1318 2620 l

156 2708 195 2760 Et
210 2705 298 2761 riedi-
374 2693 472 2764 xLli,
509 2691 604 2776 Igitur
625 2693 712 2752 modis
734 2689 853 2754 omnibus
878 2691 909 2754 id
939 2691 1098 2778 adspernari
1122 2709 1153 2752 tc
1180 2691 1318 2774 rejicere*

141 2787 199 2830 cm
222 2775 296 2848 ἐκεῖ·
310 2775 445 2850 consilium
462 2773 603 2848 debenus,
653 2795 685 2833 uo
701 2773 776 2834 nobis
796 2795 823 2835 et
841 2771 982 2856 difficilius
1001 2775 1100 2836 bellum
1112 2771 1184 2854 fiat,
1208 2793 1240 2835 et
1256 2773 1318 2834 irc-³

54 2925 56 2931 ,
140 2845 214 2900 ³⁹⁸¹·
309 2848 435 2936 vidiosior
449 2859 573 2916 victoria.
616 2794 691 2914 dant
708 2855 773 2930 ille,
795 2856 841 2916 ubi
853 2858 973 2938 portuno
992 2879 1040 2918 noc
1055 2857 1209 2937 adjuverit,
1235 2857 1318 2916 vin-¹

307 2941 399 3001 dicare
413 2941 538 3018 privatas
559 2939 714 2996 inimicitias
736 2937 916 2998 communibus
930 2945 1015 3000 armis
1032 2937 1120 3010 uolcc‚·
1142 2957 1168 2998 et
1180 2977 1196 3020 t.
1208 2929 1318 3022 supral

306 3040 433 3082 recturam
445 3017 553 3101 saeuam
580 3038 659 3098 acque
673 3017 897 3102 sctrcgainariam,
930 3021 1101 3082 conmmelias
1111 3019 1178 3100 suar
1199 3039 1229 3078 et
1251 3013 1318 3101 pal

253 3137 256 3142 ·
306 3102 393 3165 ricula
410 3091 535 3181 nuperae*
545 3097 630 3182 fugae
649 3103 679 3158 in
699 3099 834 3180 coccsciinm
850 3101 995 3164 adhibebit.
1038 3100 1169 3162 Nondum
1184 3099 1253 3162 baec
1267 3121 1300 3158 e·
1317 3101 1318 3128 ¹

306 3205 354 3244 rat
376 3180 488 3264 paffuc,
524 3201 604 3263 quum
627 3181 658 3240 ob
676 3180 798 3244 tribunos
817 3182 850 3242 ab
866 3189 987 3244 exercitu
1003 3181 1164 3263 lapidator,
1197 3153 1318 3264 quam-l

306 3286 385 3346 qnam
409 3281 471 3323 arcte
491 3262 568 3346 fiores
596 3263 672 3322 ultor
700 3261 782 3342 ellit,
813 3263 912 3324 multos
939 3263 1053 3348 infigunt
1079 3271 1153 3326 viros
1217 3255 1318 3345 opteri

306 3342 450 3406 amiciticm
485 3341 576 3407 Sullae
610 3349 723 3404 necavit.
764 3343 893 3428 Quantas
917 3346 996 3407 illum
1016 3344 1123 3430 strages
1148 3367 1162 3405 e
1184 3341 1318 3416 ituruml

303 3445 439 3510 puterous,
466 3425 512 3487 ubi
540 3445 639 3486 vacuus
660 3444 751 3499 metu,
781 3427 900 3508 incensus
927 3428 1025 3504 molis,
1054 3427 1170 3490 arbitrio
1187 3427 1247 3510 sno
1267 3417 1318 3485 del

304 3511 417 3570 inimicis
434 3509 580 3568 vindictam
589 3505 701 3590 ficeret?
962 3527 970 3534 “
1317 3519 1318 3522 ’

182 3655 292 3725 ideoque
364 3641 475 3702 xL111.
497 3638 598 3699 Sed-ea
620 3659 663 3698 res
688 3633 774 3698 multa
791 3639 922 3720 cooperiet
944 3637 1056 3722 infirmia
1080 3638 1229 3701 uictoriam
1248 3659 1304 3698 no-

142 3726 230 3779 multe
243 3722 404 3806 pastuum,
431 3722 587 3804 summoque
601 3742 648 3780 nos
663 3720 767 3802 pudore
782 3740 813 3780 ac
837 3719 951 3798 tristitia
969 3718 1106 3800 conficiet,
1129 3723 1177 3802 qui
1195 3725 1318 3802 utiqnep

137 3806 290 3848 ‘mmm‘
304 3826 357 3866 non
374 3805 660 3897 sanguinemcioium‚
673 3801 729 3882 Jed
742 3801 919 3875 concordiam,
941 3823 969 3862 et
984 3801 1142 3883 reipublicae
1157 3801 1304 3884 salutem,

139 3862 253 3926 ellim»
265 3873 291 3914 Ἰ
304 3907 330 3947 et
343 3885 394 3968 sua
415 3889 510 4027 quippe
520 3905 591 3965 pura
612 3889 718 3964 integra
736 3903 816 3962 neque
830 3880 922 3965 illaesa
944 3903 1084 3966 aptamus,
1116 3902 1144 3944 et
1163 3883 1206 3944 bis
1231 3883 1269 3964 gl
1287 3855 1318 3935 -l

303 3971 356 4032 diis
373 3990 426 4030 non
440 3988 456 4025 c
468 3974 521 4028 iam
539 3967 570 4026 ob
585 3963 696 4046 cauffam
713 3968 854 4046 cingimur.
897 3965 1007 4027 Accedit
1024 3961 1199 4026 adolescernis
1221 3947 1318 4026 Mad

305 4057 342 4114 rii
356 4051 499 4134 Jc'millima
523 4065 651 4131 paternae
676 4061 790 4106 naturae
817 4043 935 4129 perfidia
961 4067 989 4108 et
1011 4047 1194 4136 crudelitati
1205 4067 1309 4190 'phium

778 4149 780 4153 ⁸
1252 4151 1265 4191 Ι
1317 4167 1318 4190 t
