2680 4690
136 227 142 246 '
220 263 264 328 m
284 259 435 328 cocos
457 265 539 330 cm.
560 263 671 330 scm.
693 265 806 356 omn.
952 261 1015 348 a»,

490 401 1013 440 ...---Τ..--.-,-

31 485 88 564 ret,
110 483 265 567 ettamen
281 472 434 568 impleret
449 471 609 568 dictorum
625 469 734 546 fidem,
754 467 894 556 jugulari
906 472 1009 558 prius,
1041 477 1075 536 tt
1085 478 1180 549 odos.

33 551 135 614 derude
155 553 311 628 crucibus
330 553 443 638 suffigi
458 555 555 636 Juffit.
1040 548 1076 604 A·
1088 551 1174 620 G·7l·

76 683 179 746 XXV·
212 683 275 746 liic
297 685 398 768 igitur
418 685 551 758 Caesar,
582 703 698 772 quum,
726 681 915 744 Mithridate
927 680 1012 767 'pro-

32 765 138 825 cincias
155 769 319 828 Romanas
337 765 493 839 vastante,
515 787 571 829 res
591 765 629 826 ad
651 763 868 826 desectionem
887 779 1013 860 snecta-

31 861 85 918 ret,
114 845 305 922 abllbodo,
332 869 395 932 quo
412 849 640 934 pertenderat,
669 847 1012 930 inAtiamprolectua

32 926 76 988 elt:
106 929 350 1014 contractisque
371 931 535 992 sociorum
555 929 700 999 auxiliis,
722 941 755 988 et
773 929 940 1012 praefecto
959 951 1013 992 re·

31 1013 69 1092 gis
87 1009 259 1094 provincia
282 1012 433 1095 expulso,
464 1009 581 1073 dubios
604 1031 640 1071 oc
662 1009 879 1072 deliberantes
899 1011 1013 1074 cirita·
1190 1077 1196 1094 ,

31 1091 227 1154 unanimos
251 1091 367 1154 infide
388 1095 559 1158 continuit.
603 1091 691 1154 Idem
711 1090 921 1174 pari-dudio,
954 1117 1203 1179 aramma„

33 1174 166 1236 ctoritate
188 1173 310 1256 majore
326 1175 482 1238 Lucullus
503 1173 614 1238 consul
633 1175 789 1246 faciebat,
813 1176 887 1258 qui,
910 1175 1009 1238 rebus
1021 1191 1148 1242 camuel»
1158 1194 1196 1244 A.

30 1255 146 1316 urbanis
171 1271 346 1340 utcumque
371 1257 583 1342 compositis,
613 1257 738 1318 interea
758 1255 791 1316 in
808 1256 1010 1339 provinciam
1021 1259 1093 1312 sim
1107 1263 1189 1316 rasit·

30 1351 159 1398 venerat.
200 1342 281 1400 Nam
301 1341 343 1400 ob
364 1338 526 1402 delectum
545 1352 615 1402 erat
630 1351 773 1398 moratus
791 1351 823 1398 et
841 1337 1011 1402 tribunitia

29 1415 136 1502 jurgia,
160 1440 258 1502 quum
273 1425 312 1482 L.
327 1420 500 1514 Quinctio,
522 1419 669 1504 quotidie
688 1417 861 1480 seditiosas
878 1422 1009 1484 concio·

30 1519 75 1560 nes
94 1499 245 1572 habenti,
276 1522 398 1564 summa
415 1503 449 1566 vi
467 1501 652 1568 resisteret:
683 1499 805 1572 donec,
836 1501 1010 1565 insolentia

29 1577 159 1642 hominis
178 1583 313 1646 mitibus
330 1582 497 1658 remediis,
519 1580 668 1646 docendo
686 1581 932 1664 mulcendoquo,
955 1603 1012 1646 eo·

28 1659 134 1736 hibita,
157 1683 232 1726 cum
250 1687 313 1726 nna
329 1665 458 1748 legione
476 1667 627 1750 pertenit
644 1664 813 1726 indcium:
836 1663 1011 1744 adjunctis·

31 1763 79 1826 que
99 1745 290 1842 legionibus
308 1761 463 1832 walone,
491 1747 636 1832 peditum
652 1749 871 1808 Romanorum
893 1747 1011 1829 trigin-

28 1838 52 1884 ta
67 1828 187 1899 millra,
217 1829 345 1911 equites
371 1829 423 1890 bie
449 1830 538 1891 mille
560 1827 755 1912 quingentos
779 1827 920 1902 ducena,
947 1827 1011 1908 jam

28 1905 53 1966 in
70 1908 243 1992 Phrygiam
261 1931 365 1994 usque
384 1911 601 1994 precellerett
633 1929 750 1993 quum,
780 1907 919 1972 adventu
940 1910 1009 1990 ejus

27 1992 167 2074 cognito,
189 1995 234 2052 tt.
249 1994 360 2066 Cotta,
384 2011 425 2054 ne
441 2012 512 2056 eum
525 1992 654 2076 collega
672 1989 825 2054 debellati
837 2013 874 2052 re
900 1993 927 2052 is
941 1993 1009 2052 lau-

26 2069 86 2130 dem
105 2075 391 2148 communicaret,
411 2073 452 2136 ad
470 2073 709 2138 chalcedonem
730 2092 804 2136 cum
821 2073 867 2138 tut
904 2071 1009 2136 ridete

25 2151 196 2237 confligere
217 2157 399 2220 maturavit.

73 2261 191 2326 XXVI.
213 2267 327 2348 Neque
345 2276 452 2324 tamen
471 2260 558 2348 ipse,
581 2275 616 2325 ut
634 2274 704 2324 erat
722 2259 914 2322 bellicorum
934 2279 1007 2322 cer·
1029 2269 1203 2324 Mithridates

25 2342 168 2402 taminum
179 2343 282 2417 rudis,
300 2343 435 2430 prodire
450 2343 554 2419 ausus,
569 2341 694 2408 Nudum
710 2339 911 2428 praelectum
925 2343 1006 2404 olas·
1021 2341 1124 2422 Cym*
1138 2344 1197 2424 via.-

25 2423 152 2484 siacum
174 2439 265 2508 parte
284 2427 446 2488 exercitus
465 2427 583 2490 emisit.
626 2425 709 2522 Qui,
739 2425 819 2488 licet
837 2425 1005 2486 munitilli·
1018 2423 1057 2462 ⁶¹³
1074 2407 1186 2490 ΨΜ

24 2523 93 2564 nam
118 2507 227 2590 campi
252 2522 377 2592 partem
402 2511 602 2605 oocupallet,
634 2503 854 2570 ublithridate
876 2478 1130 2592 pulsus,¹’'⁰'‘'''

22 2605 72 2664 por
89 2589 189 2650 multa
208 2603 397 2652 transcensu
418 2587 566 2654 dillrcilia
586 2605 677 2676 septa
697 2589 932 2650 Chalcedonem
952 2609 1007 2650 ae-

24 2687 70 2742 gre
88 2670 234 2756 refugit:
265 2673 374 2734 multis
399 2673 516 2758 inipso
535 2687 648 2758 porta,
675 2671 751 2732 dum
769 2671 1006 2767 consorti-por·
1061 2709 1064 2718 ψ

22 2765 183 2833 fromunt,
207 2753 282 2816 telis
302 2751 512 2816 barbarorum
532 2753 730 2818 cadentibus.
777 2757 867 2816 Metu
887 2751 1007 2814 demde

23 2829 128 2893 russis
146 2835 276 2918 portis,
308 2835 420 2898 Nudus
440 2849 473 2898 et
492 2835 547 2898 olii
567 2835 683 2900 ducum
704 2833 836 2900 funibus
855 2833 1020 2917 subducti¹

23 2927 101 2974 sunt:
129 2917 296 3000 reliquum
317 2919 450 3000 vulgus,
480 2941 576 3003 quum
595 2919 671 2982 binc
690 2919 728 2981 ad
749 2939 844 2990 suos,
866 2913 943 2978 inde
964 2915 1028 2978 ud*

20 2989 128 3056 bultem
152 2999 320 3084 supplices
340 3019 450 3062 monus
471 3001 639 3074 tenderet,
670 3021 731 3064 nec
752 2997 835 3086 apud
853 2997 928 3060 illos
949 3019 1005 3060 au·

22 3075 105 3145 tlilio,
137 3099 203 3142 nee
228 3081 313 3164 apud
336 3079 421 3144 bunc
439 3081 665 3148 misericordia
684 3083 833 3152 inventa,
862 3079 1003 3142 trucida·

18 3169 74 3246 tum
92 3157 148 3220 est.
194 3163 296 3224 Millia
316 3163 459 3248 quinque
476 3177 659 3238 trecentos,
687 3180 719 3228 et
738 3167 773 3228 in
790 3163 841 3226 his
860 3163 897 3222 L.
914 3165 1003 3224 Man·

18 3233 84 3298 lrurn
110 3256 318 3318 senatorem,
340 3265 377 3306 ea
396 3245 504 3308 clades
525 3247 710 3332 absumpsit.
743 3247 783 3312 de
804 3243 1003 3316 victoribus,

15 3317 243 3398 Bastarnarum,
266 3347 404 3410 quorum
421 3329 595 3412 singularis
611 3349 651 3392 eo
667 3331 795 3412 proelio
810 3327 913 3389 virtus
928 3323 1001 3398 suit,

17 3403 159 3484 triginta3
184 3421 371 3470 ceterorum
389 3407 429 3470 ad
449 3409 673 3494 septingentos
691 3412 891 3476 occiderunt.

67 3510 200 3574 xxvit.
222 3513 447 3590 Mithridates,
467 3515 620 3576 utendum
638 3517 785 3589 fortuna,
807 3515 911 3576 donec
926 3531 1002 3596 pro·
1032 3527 1117 3598 Atque
1133 3529 1182 3582 tn.

16 3587 81 3668 pitia
100 3595 203 3668 effet,
226 3609 333 3670 ratus,
356 3597 473 3660 eodem
494 3597 547 3658 die
565 3599 690 3660 elallem
709 3599 747 3659 ad
768 3609 896 3682 portum
908 3593 1002 3658 Chal·
1014 3615 1075 3652 rum
1083 3597 1190 3652 meriti·

16 3671 140 3735 tedonis
171 3675 324 3740 adduxit:
356 3693 577 3766 perruptaque
607 3693 718 3742 catena
745 3679 873 3751 ferrea,
908 3695 1002 3762 quam
1015 3682 1065 3722 Μ’·

16 3757 110 3816 consul
133 3757 313 3842 praetendi
331 3759 478 3842 inderet,
510 3761 673 3844 proelium
691 3761 803 3826 nuvalc
821 3759 1001 3832 commisit,

17 3875 353 3902 h———n—n—

17 3941 109 4068 rs
125 3945 478 4073 rumaren.-
493 3941 1006 4097 u·strsrrfrrtrat

17 4071 85 4135 lirid.
104 4082 189 4138 Plut.
227 4083 269 4138 Ga
294 4083 422 4142 ,ΚΜ
448 4085 576 4158 dlrpsau.
630 4085 893 4160 emnembppran.
911 4083 1005 4140 Mern-

17 4161 67 4200 un.
103 4149 253 4224 Gap-XX
315 4151 470 4230 ‚Appiam
550 4183 554 4194 ’
