2654 4690
304 228 364 294 238
413 227 614 293 FREINSH.
631 225 1049 292 SUPPLEMEN'I'ORUII
1073 229 1149 289 Lm.
1167 229 1248 289 LIII.

142 443 178 498 U.
190 461 216 496 c.
229 443 292 508 670.
305 443 396 512 Nam,
418 437 474 522 qui
494 455 566 496 euni
586 454 626 496 eo
646 431 891 505 obsidebantur,
915 429 1079 516 postquam
1099 433 1238 494 aliorum
1251 433 1301 494 du·

119 513 276 596 ‚320382-
307 539 381 580 euni
396 517 586 579 audiaillent
602 515 781 588 interitum,
805 514 942 576 aliorum
961 513 1027 598 ipsi
1046 514 1198 578 vidill'ent
1213 535 1301 599 prae·

91 584 285 665 suusne*-
308 598 372 662 nx.
387 598 483 661 iarn
497 598 620 682 capita,
645 596 764 681 perine
780 595 938 657 curioni.
955 596 1079 680 copias,
1094 597 1300 680 raginerum.

98 649 294 716 s⁶'s‘¹¹⁸'⁶m‘
311 682 447 754 bunum,
482 680 597 741 urbem
625 679 659 740 iii
689 676 844 762 potestate
869 678 978 740 Sullae
1006 680 1071 740 elle
1097 681 1300 762 cognoffent,

309 763 466 850 oppidum
478 762 633 824 Lucretio
651 759 858 822 dediderunt.
890 761 1014 822 Marius
1034 781 1096 844 por
1111 762 1301 832 cuniculum,

222 889 226 902 .
334 845 423 906 uales
438 841 609 906 Praeneste
631 841 725 906 suiIIe
746 843 870 926 aliquot
890 842 1067 926 antiquitus
1088 863 1129 906 ex
1146 844 1303 906 Strabone

309 865 487 998 discimus,
518 939 652 988 conatus
672 921 830 998 evadere,
859 921 1023 1008 postquem
1049 939 1178 1011 septum
1204 923 1305 987 hostili

287 1008 459 1072 exercitu
489 1007 609 1070 exitum
640 1005 823 1079 intellexit,
865 1025 937 1066 ouin
974 1008 1101 1069 minore
1134 1007 1303 1080 Telesino,

309 1091 403 1172 ejus,
435 1089 491 1174 qui
509 1087 549 1150 ud
568 1103 694 1175 portam
714 1087 872 1150 Collinam
891 1087 1062 1160 occubuit,
1084 1089 1205 1162 fratre,
1231 1089 1305 1150 belli

309 1174 474 1257 fugaeque
493 1171 606 1244 socio,
635 1168 754 1232 strictis
773 1169 971 1253 pugIonibus
992 1171 1222 1233 concucurrit=
1254 1192 1303 1234 eo-

311 1276 376 1341 que
397 1253 585 1326 interfecto,
609 1251 678 1338 ipse
696 1252 815 1316 leviter
835 1253 1020 1314 vulneratus
1041 1273 1138 1316 servo
1158 1273 1219 1314 suo
1240 1275 1306 1316 oer-

310 1338 418 1399 vicen
443 1335 605 1421 praebuit.
657 1336 758 1408 Sunt,
792 1333 849 1429 qui
868 1354 925 1396 sua
943 1355 1056 1408 inenu,
1088 1348 1180 1408 sunt,
1213 1336 1306 1418 quia

311 1418 453 1482 Sullanis
480 1415 657 1492 militibus,
691 1417 724 1476 in
747 1413 781 1476 id
804 1438 815 1476 ι
840 1415 908 1476 lum
930 1415 1123 1500 dIspositis‚
1153 1416 1307 1480 intercin-

334 1514 401 1562 tum
421 1512 547 1584 putent.
591 1501 634 1562 Ca
659 1512 693 1559 ut
713 1497 753 1559 ad
769 1439 889 1560 Suiiain
907 1499 1056 1570 relutuin,
1078 1512 1111 1562 et
1129 1497 1169 1560 ab
1187 1519 1231 1560 eo
1251 1521 1305 1584 pro

308 1519 436 1644 itossris
455 1579 599 1665 positum
620 1521 680 1654 eit,
713 1598 785 1642 eum
805 1579 921 1642 cavillo
942 1579 975 1640 in
993 1594 1130 1644 aetatem
1149 1583 1307 1654 consulis,

311 1683 409 1808 queqi
431 1682 511 1725 autea
533 1683 653 1737 remum,
680 1682 759 1744 quani
779 1661 1010 1745 gubmucalum,
1036 1683 1158 1726 notiore
1181 1663 1305 1744 debaqli,

336 1765 387 1810 ice
411 1759 453 1808 at.
528 1757 531 1767 '

126 1866 299 1922 Taunum
372 1852 510 1916 XXXII.
533 1853 649 1935 Neque
676 1865 784 1915 tumen
809 1849 1046 1947 illoindignus
1068 1867 1159 1915 tinto
1179 1851 1309 1914 nomine

113 1937 300 1992 autrannus
311 1933 531 2032 eredebutur3
568 1933 740 2032 animoque
758 1947 885 2018 parenti
906 1955 970 1996 non
991 1934 1173 2032 diffiniilis,
1207 1935 1311 2030 ionu-

109 2005 383 2088 0082¹'⁰,m‘⁸‘⁸³·nsin
402 2037 602 2100 iniquiorem
613 2016 775 2094 ,bebuille
811 2035 919 2099 neque
939 2015 1080 2078 dubitari
1098 2019 1211 2102 polle,
1236 2015 1311 2100 quid

109 2073 215 2140 ΜΨ·
310 2099 352 2161 de
377 2119 418 2161 eo
441 2099 529 2162 Sulla
548 2097 763 2180 judieaieiit3
797 2098 854 2182 qui
880 2109 947 2158 tuin
970 2097 1114 2174 deinum,
1144 2095 1310 2184 postquam

311 2181 459 2244 sublatus
483 2180 545 2242 ille
561 2180 690 2254 luerat,
718 2192 968 2264 cognomentum
992 2181 1089 2242 burcis
1113 2181 1215 2243 homo
1244 2201 1310 2242 om·

307 2264 398 2326 niuni
415 2261 616 2324 miserrimus
631 2263 823 2359 adsumpsit:
845 2259 1040 2358 statuamque
1058 2261 1242 2348 equestrem
1260 2285 1309 2323 au·

308 2360 411 2408 ratum
432 2364 506 2406 euin
524 2345 588 2406 lioe
608 2365 802 2428 cognomine
825 2343 905 2429 poni
929 2343 991 2406 sibi
1013 2365 1075 2427 pro
1094 2343 1222 2407 Rollris
1241 2367 1313 2430 pas-

310 2429 367 2488 iu's
386 2423 451 2504 ell3
473 2440 522 2500 et,
550 2447 649 2510 quuni
668 2427 799 2488 Metella
818 2425 967 2508 geminos
989 2426 1105 2488 eodem
1127 2441 1228 2510 paitu
1247 2427 1314 2488 edi-

310 2505 425 2652 iiill'et,
447 2529 586 2592 puerum
603 2511 749 2588 haustum,
771 2509 912 2594 puellum
930 2507 1055 2588 Faustam
1075 2510 1238 2594 appellari
1258 2529 1316 2572 vo·

324 2605 383 2654 ult!
1057 2615 1061 2624 Ι

130 2721 299 2776 gangim,
372 2697 517 2758 XXXIII.
543 2697 736 2771 Lucretius,
763 2695 936 2760 Praenelle
953 2711 1112 2784 recepto,
1143 2715 1315 2764 senatores

122 2795 187 2858 nosti
199 2792 280 2846 uenti.
311 2781 496 2850 Romanos,
520 2801 602 2863 quos
619 2780 665 2841 ibi
683 2793 864 2863 repererat,
891 2780 1009 2864 partim
1028 2783 1212 2860 intenderit,
1236 2785 1315 2844 alios

313 2859 455 2941 coniecit
484 2862 519 2922 in
549 2862 697 2933 vincula,
735 2861 840 2922 donee
867 2861 957 2923 Sulla
985 2863 1179 2928 ‘adienillet
1235 2867 1315 2938 Ille,

310 2963 377 3004 non
395 2941 452 3004 diu
466 2956 652 3016 cunctatus,
676 2957 709 3004 et
723 2942 819 3016 illos,
842 2956 876 3005 et
895 2957 1055 3029 quotquot
1073 2948 1192 3032 legati,
1218 2967 1315 3032 quse·

310 3023 431 3098 liores,
453 3023 634 3108 preelecti,
656 3024 781 3086 tribuni
805 3045 846 3086 ue
864 3027 1005 3110 partium
1025 3027 1152 3091 illarum
1171 3029 1314 3102 fuerant,

312 3105 446 3168 oceidit.
490 3109 645 3184 Ceteros,
674 3125 733 3202 spe
753 3045 866 3169 saiutis
887 3127 947 3192 per
964 3111 1003 3170 Ρ.
1023 3111 1205 3196 Cethegum
1223 3112 1314 3184 data,

312 3189 347 3250 in
365 3207 495 3274 campos
513 3187 671 3272 progredi
690 3188 785 3268 Jull'it.
809 3208 871 3273 pro
914 3190 989 3252 elliu
1006 3195 1126 3256 exemit
1142 3193 1314 3256 admodum

312 3290 454 3352 paucos,
487 3290 625 3354 quorum
654 3269 827 3354 aliquando
854 3273 929 3332 u's
956 3291 1056 3356 opera
1081 3275 1202 3338 lueret.
1239 3275 1314 3337 reli«

313 3372 409 3434 quain
431 3349 670 3414 multitudinem
696 3353 802 3416 tribus
828 3353 1011 3436 agminibus
1038 3355 1185 3418 discerni
1212 3358 1313 3440 impe

312 3432 416 3494 ravit:
450 3447 485 3496 ut
506 3434 646 3495 seorsim
666 3435 822 3508 Romani,
853 3436 994 3498 seorsim
1017 3439 1198 3510 Samnites,
1221 3453 1313 3522 etqui

311 3513 515 3581 Praenestini
536 3514 760 3580 consisterent.
803 3521 887 3578 Tum
909 3517 1120 3583 denunciavit
1140 3541 1206 3606 per
1222 3541 1313 3604 pree

313 3616 428 3660 eonem
442 3597 619 3676 Romanis,
652 3621 680 3662 et
695 3599 765 3682 ipsis
784 3619 899 3660 moriem
912 3599 961 3681 ff
979 3609 1166 3678 comnnri'tos,
1197 3621 1313 3676 ceteruii

315 3721 636 3740 Ἠ

345 3781 419 3856 Cap.
430 3785 531 3839 XXXI.
550 3785 684 3840 Frontin.
696 3785 788 3844 Strat.
800 3802 864 3854 i,q.
882 3783 929 3860 tp
954 3781 1010 3843 iun.
1023 3783 1088 3840 Liv.
1097 3785 1179 3862 Epit.
1192 3789 1312 3846 Straba

311 3847 567 3924 l.s.p.239.ve11.
579 3875 604 3921 2,
617 3873 660 3922 27.
675 3857 789 3909 Auctor
798 3853 834 3908 de
844 3853 918 3909 viris
928 3803 1027 3910 dlullr.
1039 3854 1069 3907 iii
1078 3859 1156 3912 lllur.
1167 3859 1239 3914 tilio.
1254 3863 1277 3913 i
1292 3861 1312 3914 a}

311 3920 389 3972 Max.
410 3923 441 3988 6,
460 3924 487 3978 8.
515 3924 602 3978 Oros.
625 3923 753 3978 Diodor.
772 3925 854 3994 1.37.
880 3925 958 3979 Plut.
978 3923 1059 3980 vett.
1082 3925 1129 4000 Ap
1154 3923 1213 3982 ian.
1253 3931 1312 4018 Caq

310 3989 427 4044 XXXII.
454 3991 532 4046 Plut.
550 3992 627 4046 Man·
645 4012 670 4047 c.
684 3993 728 4048 ilo.
749 3992 827 4050 Vell.
846 3993 914 4047 Vel.
934 3995 1011 4049 Max.
1031 4011 1063 4062 q,
1082 4014 1109 4050 ι.
1162 3997 1213 4050 lin.
1231 4015 1267 4066 7,
1290 4017 1312 4066 a<

311 4058 439 4130 Appias.
460 4059 625 4142 Pluusiill.
642 4079 667 4118 e.
684 4064 729 4133 ⁶7·
764 4063 1240 4142 oap.xxx111.sppian.0ros.
1269 4072 1311 4126 li

311 4125 388 4184 Max.
406 4147 433 4200 q,
451 4145 476 4186 a.
496 4128 623 4204 Appian.
