2702 4694
185 277 190 288 ·
220 255 266 318 tut
285 249 661 322 nocumentum.
681 247 813 320 emt..
960 245 1024 331 tuq
1134 233 1137 247 '

41 461 145 547 neque
156 461 276 524 canat
297 421 517 538 deerat'sibm
548 483 613 550 quo
640 461 748 525 rninus
770 480 868 548 opum
891 481 1022 525 suarum
1051 453 1202 546 U·'⁰;‘7⁰⁰·

42 542 197 610 securitsti
216 545 436 629 prospiceret.
864 551 867 560 ’
1051 527 1091 582 Α·
1102 527 1137 580 (κ
1149 527 1197 648 ξι·

90 677 202 740 xum.
230 675 297 772 Qui
319 697 426 762 nuper
446 694 538 744 erunt
552 677 703 764 Pompcji
722 674 851 762 legibus
868 673 1028 748 damuati..
1052 670 1210 744 caesurat-

41 780 128 846 quum
143 759 291 822 exsulare
307 780 346 822 co
371 775 517 837 crentur,
541 763 581 826 ad
597 765 769 826 Caesarem
786 757 1021 842 confugeran13
1033 759 1211 830 seartsitr'pe-
1244 781 1248 792 ,

41 846 200 928 ipsumque
219 841 289 925 peti
308 779 426 906 iisdem
445 843 514 906 illis
531 845 668 908 ouilibus
686 841 903 924 inculcabant
941 837 1021 904 cae.
1034 829 1209 948 eareaapsuta·

42 946 102 996 sar,
130 925 177 986 uti
195 923 342 998 solebat,
368 923 505 988 iliorum
518 929 684 990 vuluntate
702 923 829 1007 mugnis
842 941 904 985 con
930 920 1022 987 ’eriis
1035 899 1119 1022 mu}
1130 912 1187 1020 ‘pm

42 1019 203 1080 auctorate,
225 1005 267 1069 de
281 1005 440 1090 Pompejo
458 1001 794 1094 quidembouoriiiee
811 1005 910 1088 loque
934 1017 1021 1066 atur:
1033 968 1088 1038 Μ
1119 981 1163 1024 ⁶⁶

43 1102 174 1150 ceterum
199 1105 262 1174 per
286 1089 409 1162 amicos
426 1109 508 1154 oum
531 1089 674 1153 tribunis
695 1085 805 1172 plebis
825 1085 961 1170 agebat,
991 1105 1025 1146 ur

43 1169 133 1250 adserui
143 1167 198 1252 jabi
216 1187 310 1252 petere
329 1171 497 1252 constrictum
516 1171 622 1234 liceret.
666 1172 703 1232 Iu
722 1181 841 1230 eurota
857 1167 1023 1232 caudata-

43 1249 98 1312 lem
114 1257 154 1314 'se
173 1251 350 1335 Pompeius
372 1254 527 1338 gerebat,
556 1267 592 1316 ut
615 1252 767 1315 simulare
787 1249 891 1334 magis
910 1249 1022 1312 amici-

44 1335 109 1394 tiam
125 1352 196 1394 cum
213 1333 373 1408 Caesare,
397 1357 492 1419 quam
516 1331 697 1420 praestare,
718 1331 899 1395 videretur.
942 1336 1023 1395 Nam

45 1415 73 1474 in
87 1429 215 1488 senatu,
238 1436 337 1500 quum
355 1417 401 1478 u.
421 1419 512 1492 Cato,
531 1429 712 1501 perpetuus
725 1415 757 1476 le
781 1433 836 1476 um
851 1411 1028 1490 defensor„

43 1497 144 1560 venire
160 1497 333 1560 Caesarem
348 1495 389 1560 ud
404 1499 535 1562 comitio
547 1499 693 1581 juberet,
715 1434 833 1559 reditit
848 1493 1023 1591 aliquando

44 1577 224 1662 Pompeius,
246 1579 357 1644 amicit¹
385 1599 426 1644 ue
441 1581 600 1652 Caesarie,
623 1577 740 1644 eximie
756 1575 821 1642 viri
837 1591 954 1640 menta
967 1598 1023 1639 re-

46 1661 116 1742 spici
133 1659 320 1736 orantibus,
342 1601 498 1726 adsensit.
542 1661 624 1736 Sed,
648 1661 756 1723 acrius
775 1655 909 1720 instante
926 1661 1022 1722 Cato-

44 1761 92 1813 ne,
113 1755 270 1830 tamquam
290 1745 490 1828 argumentis
512 1747 634 1818 victus,
658 1741 826 1805 conticuit.
871 1739 1024 1806 Obtinuit

46 1835 137 1884 tamen
156 1825 292 1898 Caesar,
315 1825 403 1908 quod
421 1826 579 1910 petierat,
603 1827 690 1888 inter
710 1838 840 1886 eeteros
859 1823 1022 1886 Cicerone

45 1904 216 1983 adjurante,
241 1905 298 1990 qui
314 1909 359 1966 tt.
375 1908 521 1969 Coelium
539 1909 572 1971 ei
587 1903 731 1988 adjunxit
741 1948 753 1983 „
772 1904 936 1967 tribunum
949 1905 1023 1990 ple·

44 1985 101 2058 bis,
127 1988 221 2048 etiam
245 1987 438 2074 aPompejo
461 2004 606 2076 rugatur.
635 1988 754 2073 ¹Igitur
783 2006 821 2050 cs
849 1985 890 2049 de
916 2007 955 2048 rc
983 1985 1026 2049 ad
1130 2015 1140 2036 a

44 2067 182 2152 populum
197 2068 343 2131 adeeem
358 2071 499 2134 tribunis
513 2071 620 2160 piebis
634 2068 845 2135 concorditer
857 2071 957 2132 latum
968 2065 1024 2134 est.

95 2175 128 2240 L.
148 2174 257 2318 Reum
269 2175 315 2240 ite
329 2175 506 2244 crebritate
525 2173 722 2260 judiciorum
742 2191 775 2242 et
788 2178 883 2242 novis
893 2175 1025 2261 legibus

47 2258 137 2318 omnia
162 2274 354 2344 reperent,
375 2259 416 2357 Q.
429 2261 541 2348 Scipio
558 2261 673 2326 consul
689 2259 872 2326 censoriam
884 2257 1024 2344 potessa-
1054 2255 1183 2313 Germ&

48 2349 110 2412 tem,
128 2341 281 2425 abrogato
292 2342 405 2408 Clodiu
421 2341 508 2429 lege,
529 2343 687 2425 redituit;
706 2341 793 2408 haud
807 2363 921 2426 magna
936 2328 1151 2408 utilbrmssss
1161 2341 1202 2380 η·

48 2429 101 2480 tate
113 2421 262 2488 civitatis.
287 2421 371 2506 Quia
387 2425 474 2489 enim
488 2427 646 2524 proximis
662 2419 767 2499 arinis,
789 2424 914 2488 sublate
924 2398 1142 2486 anim-stim·

46 2499 226 2567 adversione
238 2507 399 2582 censoria,
413 2509 506 2571 multa
520 2499 601 2572 etin
615 2507 780 2571 senatorio
794 2507 872 2570 etin
885 2501 1033 2590 equestri

46 2581 313 2649 ordinumaeulosi
323 2587 472 2652 homines
481 2605 771 2674 manserunt-quos
782 2589 877 2650 simui
890 2587 1028 2670 aggredi

45 2666 270 2746 periculosum,
302 2671 490 2756 relinquere
511 2685 607 2757 turpe
624 2686 694 2734 erat
712 2671 874 2746 futurum3
905 2683 1026 2752 quanto
1066 2721 1068 2728 .

46 2746 169 2832 quisque
178 2751 376 2834 prudentior
390 2754 442 2817 tir
457 2769 537 2830 erat,
553 2769 642 2816 tanto
655 2754 757 2840 magis
768 2773 784 2812 a
796 2748 1028 2836 petitionebu-

45 2829 122 2891 notis
137 2831 205 2914 ejus
219 2833 426 2900 abhorrebat.
458 2836 526 2900 Sed
544 2851 576 2900 et
592 2849 705 2897 auctor
720 2830 936 2896 restituendae
949 2851 1026 2894 een-

46 2920 126 2973 surae
147 2913 221 2977 talis
241 2930 328 2991 erat,
358 2918 467 2980 utrix
486 2915 639 2980 exsistere
679 2917 762 2978 oss'et
782 2915 864 2976 alius
881 2929 958 2978 nota
976 2913 1027 2976 di·
1104 2957 1105 2963 κ

46 2993 138 3072 gnior.
180 2996 248 3059 Sub
266 2997 353 3060 idem
376 3001 462 3060 enim
479 3015 607 3084 tempus
626 3022 643 3059 a
685 2997 868 3060 Gemellum
885 2994 1028 3057 tribuni-

46 3073 112 3136 tium
133 3077 294 3142 tiatorem
320 3083 354 3142 in
380 3081 566 3145 convivium
590 3082 699 3154 venit,
730 3097 831 3166 aquo
853 3091 886 3139 et
903 3076 1028 3140 tribuni

46 3157 161 3236 quidam
186 3159 288 3242 (baud
308 3163 406 3225 dubie
426 3163 494 3236 iili,
524 3185 607 3248 quos
624 3161 775 3246 Scipioni
795 3159 909 3223 faviffe
929 3179 1029 3243 supra

45 3235 242 3324 attendimus)
266 3243 393 3308 inritati
414 3245 554 3316 suerent
594 3249 630 3308 In
655 3265 696 3307 eo
720 3243 874 3307 convivio
895 3241 1029 3304 Gemel-

44 3317 85 3380 lus
100 3321 247 3408 Scipioni
266 3341 300 3390 et
318 3327 460 3390 tribunis
475 3327 554 3388 duas
571 3324 711 3388 illustres
732 3340 913 3399 matronas,
938 3343 1029 3406 epa-

44 3401 137 3470 tritus
153 3419 186 3468 et
204 3408 287 3470 viris
303 3409 468 3482 abductus,
490 3409 635 3491 itemque
653 3407 797 3470 nobilem
815 3425 953 3490 puerum
968 3407 1028 3466 Cn.
1120 3405 1123 3412 ’
1152 3423 1157 3432 ’

44 3483 263 3566 Saturninum,
293 3491 421 3554 nefarie
440 3487 614 3576 prostituit.
1000 3499 1003 3508 “
1031 3501 1035 3511 ·

96 3593 145 3654 Li.
173 3597 303 3660 Interea
324 3601 465 3674 Caesar,
494 3619 592 3682 quum
614 3609 647 3659 et
664 3610 771 3660 motus
787 3593 930 3657 urbanos
949 3591 1029 3653 satis

43 3689 76 3730 ex
91 3679 251 3738 sententia
268 3701 325 3742 suu
342 3681 543 3766 compositos
559 3679 742 3763 accepiiict‚
762 3691 796 3739 et
809 3675 937 3739 crebris
952 3694 1028 3736 suo-
1058 3679 1202 3762 Gallorum

42 3773 105 3816 rum
123 3759 253 3821 nunciis
273 3763 491 3838 excitaretur,
518 3761 552 3822 in
567 3759 813 3846 Transalpinam
832 3757 969 3823 Galliam
990 3749 1164 3819 exuimu-

40 3881 371 3906 ——n——ffl

62 3947 139 4074 '0²33'
156 3954 259 4036 ptulx.
284 3951 415 4024 Appian.
439 3949 564 4013 Sueten.
585 3947 668 4030 Caes.
690 3965 718 4002 c.
735 3963 779 4029 ῃ.
805 3943 932 4068 Appian.
951 3915 1042 4020 i’lu't.¹

41 4013 94 4071 hv.
136 4033 191 4093 prt.
214 4023 337 4078 Sueten.
355 4021 441 4075 Caes.
459 4037 485 4076 e.
501 4017 544 4076 28.
566 4019 695 4090 Appian.
717 4017 780 4072 Cre.
798 4013 835 4068 ad
875 4015 908 4068 tt.
923 4032 951 4081 7,
973 4034 992 4066 ι.
1004 4013 1034 4072 3.

41 4082 106 4202 lCup.
120 4091 153 4147 t..
178 4091 249 4148 Dio.
274 4090 343 4150 vat.
364 4087 442 4145 Mar.
458 4105 493 4161 9,
513 4105 538 4156 r,
576 4087 651 4162 cap.
667 4087 716 4144 LI.
742 4085 827 4140 caea.
846 4082 882 4138 de
897 4083 934 4136 Β.
952 4079 1037 4168 usu.
