2680 4690
226 301 799 398 rusocunma.xcn.1nvn.
950 301 1010 368 aas

86 509 166 574 XlV.
190 507 257 570 Sed
273 507 466 592 praecipuae
482 507 632 570 infamiae
646 527 746 571 coena
760 510 839 586 luit,
862 533 1012 597 quaeum
1041 513 1077 570 U·
1089 531 1114 570 e·
1124 511 1185 580 ⁶7⁶·

40 589 168 675 quaestor
190 592 226 652 C.
248 589 421 662 Urbinius,
455 604 505 662 et,
536 589 699 674 postquam
723 589 785 653 boc
807 594 864 655 ille
887 611 1011 678 gratum
1042 581 1172 650 ΝΜ·

37 673 174 745 habebat,
197 672 253 734 alii
273 669 428 754 deinceps
446 685 654 758 exceperunt.
697 671 805 736 Aedes
826 676 946 738 aulaeis
967 680 1012 738 si·
1037 653 1210 722 Μ”Μ

39 756 159 837 gnisquo
182 765 373 828 exornatae,
406 771 522 816 scenae
548 756 586 814 ad
613 751 801 816 histrionum
830 755 1013 820 ostentatio·
1040 737 1119 800 '‘³⁵¹⁶'‘

39 857 115 908 nem,
137 835 245 920 spuriis
263 854 361 976 equino
383 833 517 908 humus,
539 849 574 896 et
590 836 651 898 alia
670 836 704 896 in
721 837 849 898 modum
866 839 1014 902 celeber-

39 917 99 977 rimi
120 918 234 1002 templi
259 935 279 978 r
308 915 453 976 ebantur.
496 931 665 998 praeterea
693 913 819 982 sedenti
842 933 1015 984 transenna

41 999 188 1060 demiffum
203 997 368 1064 Victoriae
389 997 592 1060 simulacrum
613 1019 685 1062 cum
704 999 883 1064 machinato
902 999 962 1064 llr'e
987 1004 1016 1064 i·

40 1094 66 1140 tu
81 1079 292 1142 tonitruorum
312 1097 464 1140 coronam
484 1079 581 1163 capiti
602 1082 644 1144 im
670 1079 797 1144 cnebat.
821 1025 1014 1170 ‚triumpili-

40 1161 72 1223 lis
90 1163 278 1246 plerumque
298 1159 425 1222 babitus
447 1174 516 1223 erat
536 1104 756 1224 accumbentis
783 1165 897 1248 epulae
917 1187 1015 1250 quae·
1116 1173 1136 1190 ²

43 1243 210 1314 utillimae,
242 1261 308 1302 non
338 1261 398 1326 per
425 1261 552 1304 omnem
579 1244 675 1306 modo
703 1247 921 1326 provinciam,
958 1247 1017 1310 sed

42 1325 234 1386 transmaria
254 1343 294 1384 ex
308 1324 498 1386 Mauritania
517 1326 616 1408 petita
638 1325 803 1388 volucrum
824 1341 857 1390 et
875 1328 1018 1390 ferarum

43 1406 192 1490 incognita
216 1418 289 1467 ante
310 1425 446 1488 genera,
476 1405 563 1468 iuter
589 1426 764 1492 puerorum
791 1409 1018 1493 virginumque

44 1487 166 1558 thoros,
197 1485 459 1582 apponebantur,
490 1487 623 1568 hymnos
645 1488 877 1562 occinentium,
901 1491 1019 1574 quibus
1072 1495 1074 1502 '

45 1569 100 1648 rjus
118 1569 274 1631 uictoriae
292 1567 547 1630 celebrarentur.
589 1573 667 1632 Nam
686 1569 767 1630 adeo
786 1571 933 1634 laudibus
952 1573 1021 1634 suis

46 1651 268 1722 delectabatur,
291 1662 326 1711 ut
347 1647 442 1710 etiam
461 1649 725 1712 Cordubensibus
744 1653 869 1735 potitis,
901 1653 1022 1736 pingue

46 1733 184 1876 quiddam
203 1745 298 1818 atque
316 1731 525 1816 peregrinum
545 1733 743 1808 sonantibus,
767 1754 862 1796 aures
877 1757 950 1798 suas
965 1735 1023 1798 de·

66 1829 138 1876 eret.

97 1935 168 2002 XV.
196 1937 240 1998 Et
259 1935 340 1998 baec
364 1934 520 2010 iaciebat,
549 1937 624 2022 quia
648 1937 829 2000 Sertorium
851 1955 1025 2020 proponas.
1056 1925 1213 1988 reserant

48 2020 111 2080 dam
126 2017 291 2081 voluntate
311 2016 479 2080 cedentem
497 2019 679 2104 repulerat:
702 2039 799 2104 quum
813 2040 884 2081 eum
901 2038 1024 2080 sermo·
1036 2014 1118 2074 “W
1137 2014 1211 2070 W·

49 2101 131 2162 aibus
156 2113 399 2172 contemneret,
434 2097 525 2160 Sullae
544 2105 715 2185 saginamus,
745 2106 777 2162 ιε’
795 2101 1026 2162 Carbonianam
1038 2077 1085 2154 ''l'
1098 2085 1133 2142 F'
1133 2081 1212 2121 ’Μ’

49 2185 158 2262 equluan
183 2181 312 2262 reliquias
337 2181 540 2266 appellando.
591 2180 656 2244 Sed
676 2181 762 2244 idem
786 2183 820 2243 in
842 2195 936 2267 caput
957 2151 1124 2258 ejns‘m‘·

49 2279 153 2346 qnater
173 2277 206 2325 et
226 2263 327 2325 vicies
346 2264 555 2346 pronunciari
572 2262 719 2342 iuss'erat,
745 2265 773 2328 si
791 2287 806 2326 a
824 2265 896 2326 cive
911 2265 1028 2324 Roote-

49 2367 85 2406 no
102 2341 362 2422 interficeretur3
393 2345 420 2416 si
440 2343 479 2406 ab
498 2347 626 2422 exsule,
649 2343 788 2408 reditum
807 2345 842 2408 in
861 2341 1017 2430 patriam.'

100 2477 184 2540 rvr.
215 2449 305 2538 riter
324 2474 405 2538 assa
426 2475 463 2536 a.
481 2471 636 2538 ostanus
656 2476 714 2540 cn.
730 2477 766 2538 r.
784 2477 840 2538 cn.
857 2479 895 2540 a.
913 2475 947 2538 c.
962 2475 1027 2534 nu.
1055 2471 1090 2529 o.
1102 2467 1199 2536 eom

50 2559 141 2620 relius
159 2561 253 2621 Cotta
276 2556 472 2620 consulatum
491 2558 643 2619 inierant.
670 2555 745 2652 Quo
771 2579 855 2619 anno
882 2559 917 2618 C.
939 2555 1027 2618 Scri·
1058 2539 1192 2616 M27⁵:

1051 2612 1219 2666 indictam,
1329 2625 1330 2628 ¹

51 2640 158 2700 bonius
174 2639 292 2711 Curio,
315 2639 525 2701 Macedoniae
544 2641 735 2722 proconsul,
757 2640 812 2724 qui
828 2639 935 2721 Appio
957 2655 1064 2735 suo·c
1090 2671 1208 2730 naratio

52 2723 196 2797 calleret,
220 2721 364 2794 enims,
395 2742 473 2806 quos
491 2719 547 2781 ille
565 2719 766 2794 irritaverat,
798 2721 967 2804 gentibus,
995 2717 1028 2777 in
1042 2717 1122 2803 ciffi,

52 2801 204 2863 Dardania
221 2803 367 2898 asperum
384 2803 504 2864 bollum
523 2801 612 2863 felici
629 2813 746 2864 eventu
765 2803 877 2886 gell‘n3
899 2813 949 2874 et,
971 2797 1028 2858 ali·
1052 2810 1227 2876 carioatspa.

54 2898 124 2968 quot
141 2883 282 2946 subactas
301 2905 343 2970 po
367 2885 442 2956 ulis,
463 2883 645 2967 mulctaque
660 2885 825 2968 imperata,
848 2903 942 2966 quam
959 2899 1030 2942 cer·
1040 2887 1082 2952 fis
1100 2885 1129 2964 {a
1147 2877 1217 2932 ller-

55 2979 83 3026 to
102 2973 248 3050 tenipore
292 2987 332 3028 on
358 2981 469 3038 erent,
499 2965 532 3026 in
549 2965 684 3026 hiberna
705 2965 866 3060 regrellus
888 2961 941 3024 eil.
984 2955 1139 3024 Eeffl'l'·

56 3061 109 3107 tarn
127 2988 335 3109 formidolosa
355 3047 510 3109 militibus
530 3045 694 3131 expeditio
713 3045 793 3120 furt,
823 3058 857 3105 ut
880 3043 920 3107 de
939 3045 1033 3129 quin·
1181 3061 1188 3068 ·

57 3149 111 3211 que
129 3129 314 3212 legionibus
334 3150 394 3192 una
414 3129 500 3190 circa
518 3127 749 3211 Dyrrhachium
771 3127 958 3210 obsequium
977 3123 1034 3186 de·

58 3223 220 3284 nectar-et,
249 3227 455 3294 aequaturum
477 3231 512 3272 se
530 3211 736 3274 temerarium
756 3209 870 3270 ducem
891 3209 923 3269 in
942 3225 1034 3290 aspe-

58 3313 116 3353 ram
136 3307 169 3354 et
189 3292 380 3354 insidiosam
398 3289 544 3354 militiam
563 3313 695 3376 negans.
746 3291 811 3354 Sed
833 3290 896 3352 dura
914 3287 1035 3352 acerri-

57 3395 130 3448 mas,
151 3395 249 3458 quum
268 3375 410 3459 reliquas
428 3375 574 3458 legiones
594 3375 627 3435 in
645 3373 741 3434 armis
759 3369 911 3435 adsillere
922 3369 1034 3449 jussis-

59 3470 120 3527 set,
151 3453 335 3518 seditiosam
361 3459 522 3542 legionem
545 3458 702 3536 inermem
724 3451 924 3540 procedere,
951 3467 982 3515 et
1003 3453 1048 3511 in·

60 3539 224 3623 conspectu
244 3539 356 3600 armati
376 3537 538 3600 exercitus
558 3539 746 3599 discinctam
764 3551 934 3598 stramenta
950 3553 1038 3596 seca-

60 3641 109 3690 re,
134 3617 262 3706 pollero
283 3622 379 3696 etiam
403 3621 456 3683 die
478 3621 629 3682 similiter
652 3619 761 3679 iollam
784 3619 960 3679 discinctos
980 3617 1039 3675 mi-

61 3701 131 3762 lites
158 3701 271 3764 iacere
297 3704 416 3786 coligit.
459 3701 565 3786 Atque
592 3703 634 3762 ita
660 3699 771 3760 domiti
799 3721 893 3784 (quum
921 3695 1040 3758 infimis

62 3783 207 3866 precibus
229 3783 473 3858 obtestarentur,
496 3805 537 3845 ne
557 3785 647 3866 signa
667 3783 805 3865 legionis
824 3782 1039 3850 submitteret,
1068 3816 1076 3824 -

63 3885 238 3951 nomenque
266 3867 430 3944 aboleret,
459 3868 625 3952 nequitum
652 3863 696 3946 eil
724 3863 909 3948 impetrari:
940 3861 1042 3946 signis

95 4059 163 4132 cap.
179 4057 259 4113 xlv.
283 4050 359 4112 Plut.
386 4055 448 4111 Cic.
471 4071 528 4128 pro
549 4052 638 4108 dreit.
659 4071 685 4107 c.
701 4069 742 4108 to.
787 4051 858 4173 Cap.
874 4049 938 4131 llll.
966 4045 1042 4103 Plut.
1066 4067 1070 4074 ·

69 4125 133 4200 napa
149 4127 229 4183 me
251 4127 377 4198 Eldffldpt
394 4127 415 4182 l·
430 4129 457 4181 ⁶·
485 4126 571 4178 Oroi·
596 4123 659 4178 Ldvs
680 4123 748 4194 Epld
786 4121 823 4176 sa
849 4155 860 4200 ι.
882 4119 947 4174 illst·
968 4135 998 4183 ¹5
1016 4133 1041 4174 Ἅι

69 4195 194 4254 Frontia-
213 4196 305 4257 Strui.
315 4201 343 4266 4,
356 4217 380 4254 ι.
394 4196 438 4266 id.
459 4191 622 4250 Marcellin.
638 4209 682 4264 29,
697 4193 740 4248 ab.
759 4189 909 4262 Faotttut.¹
