2680 4690
229 307 443 378 mocula
462 307 543 376 ΗΒ.
563 303 678 378 xutv.
699 305 813 376 mvn.
956 305 1020 387 duo

34 539 95 580 nam
106 515 364 596 venerabantur-3
386 517 492 588 uniat
507 516 547 582 ab
561 519 644 580 Jove
661 513 748 577 dotie
766 517 898 585 nomine
913 517 1019 583 datam
1045 510 1192 582 U·0·⁶7⁰·

37 601 159 660 iuaulam
184 597 384 660 adserebant.
429 599 471 665 Ei
493 597 665 686 quotannis
685 615 782 664 uacua
802 599 895 684 nigra
907 601 1018 666 lacie-
1046 579 1085 641 Δ·
1102 585 1137 644 ⁰·
1151 585 1198 651 ⁷4·

37 682 120 743 hant:
148 695 183 742 et
202 679 273 744 diae
291 681 436 742 solennia
455 679 608 744 sacrificii
627 681 753 754 aderat,
781 679 1019 756 neededinata

37 765 115 832 lleae
131 761 233 826 hallia
251 763 443 848 suppetabat
453 783 462 842 3
485 762 544 828 red
562 781 635 826 eum
654 777 766 826 cetero
784 763 1019 846 Cyzicenorum
1141 818 1144 835 .

36 859 170 989 qrmento
190 859 280 908 trana
300 847 420 910 fretum
440 845 475 914 in
493 847 644 932 pascuis,
672 859 706 910 et
726 843 760 908 in
782 844 938 936 potestate
956 845 1018 910 ho·

46 941 116 988 trum
136 941 217 990 erat.

87 1035 157 1099 XV.
188 1031 344 1108 Idcireo‚‘
370 1047 406 1098 ut
432 1033 579 1098 humanit
610 1031 753 1119 ingeniis
778 1035 927 1120 proclive
953 1032 1015 1108 ott,
1048 1029 1170 1114 Mu!

37 1116 131 1178 cultae
154 1115 258 1180 divini
279 1115 492 1200 magisterium
517 1117 580 1180 eibi
607 1137 755 1198 tumere,
787 1111 1016 1182 hielieniorum
1029 1099 1207 1173 fm'ff'm

37 1211 122 1282 atque
137 1197 466 1280 Lacedaemoniorum
483 1219 574 1262 exem
599 1199 648 1274 lo,
694 1201 746 1274 ui,
767 1214 896 1264 centum
913 1201 1017 1286 tripu·
1030 1181 1122 1292 '9⁶:3⁸2
1133 1183 1207 1292 ,ᾖ

37 1279 86 1339 das
106 1277 240 1344 {latuere
258 1279 351 1360 julli,
372 1301 391 1342 e
409 1282 499 1364 ligno
519 1222 658 1344 aurium
672 1223 840 1356 iecerunt,
865 1279 983 1367 pallam
1000 1252 1104 1364 σπι,

37 1360 131 1424 iarira
146 1361 327 1425 formarunt
343 1363 377 1424 in
391 1361 522 1426 boriali
547 1383 647 1426 uram.
668 1365 795 1449 jamque
807 1363 1022 1428 admovebant

37 1443 113 1516 aris,
142 1465 240 1528 quum
259 1465 320 1528 per
339 1444 477 1507 mediam
497 1467 537 1508 ur
561 1465 612 1508 em
633 1445 727 1510 curin
748 1447 855 1508 fertur
875 1466 954 1510 vera
972 1445 1023 1510 ri-

36 1525 142 1604 atima;
171 1532 273 1610 quae,
295 1527 413 1589 relicto
431 1541 594 1602 armento,
618 1527 687 1590 aola
709 1549 770 1613 per
787 1525 923 1592 hostium
941 1529 1024 1590 claa-

37 1625 98 1670 aem
122 1607 163 1672 de
188 1609 353 1672 montibus
377 1608 600 1686 adnotaverat,
635 1631 677 1678 ne
703 1607 847 1674 claustrie
872 1609 1022 1694 quidem,

38 1709 112 1770 quae
129 1680 168 1752 ad
186 1687 350 1774 anguillae·
363 1706 479 1834 qartus
499 1689 656 1754 exstructa
676 1706 786 1766 erant,
809 1693 1026 1770 morantihua,

38 1785 67 1832 et
82 1773 140 1834 sub
158 1774 250 1858 aquia
270 1793 363 1836 emen
381 1793 419 1848 o,
443 1771 531 1858 quod
552 1773 608 1838 illa
627 1773 835 1848 obtinebant,
860 1775 976 1858 apatio.

90 1893 175 1958 XVI.
209 1891 380 1958 Sacrificio
412 1917 533 1959 summa
561 1894 796 1980 Cyzicenorum
826 1895 950 1959 laetitia
982 1895 1024 1960 ob
1047 1902 1224 1959 Mithridates
1284 1922 1288 1930 =

34 1977 240 2064 praesentem,
256 1989 292 2039 ut
309 1977 617 2064 interpretabantur,
631 1978 772 2040 numinis
786 1977 934 2042 favorem
948 1999 1024 2068 per·
1035 1973 1108 2028 *iffi
1123 1975 1207 2040 Μ

34 2073 118 2138 acto;
151 2079 265 2146 regem
285 2059 399 2130 amiel,
430 2081 471 2122 ue
494 2079 566 2124 eum
586 2059 660 2124 Diia
681 2079 826 2147 pugnare
848 2075 1022 2146 pergeret,
1036 2055 1129 2116 'W'

33 2138 250 2204 hortabantur.
293 2141 352 2204 llle
370 2141 454 2204 nihil
474 2138 628 2216 territua‘,
657 2141 839 2216 acumine,
863 2163 925 2227 qua
941 2143 1026 2205 Din-

33 2221 121 2302 dymo
140 2225 244 2286 monti
265 2222 344 2286 urha
366 2226 592 2299 connectitur,
622 2243 743 2309 aggere
767 2223 885 2298 ducto,
915 2218 1026 2289 turrira

32 2303 198 2388 imposuit,
229 2305 368 2370 tutiores
388 2327 406 2368 a
423 2307 515 2370 venti
536 2306 660 2392 impetu
680 2305 826 2385 iuturaa3
856 2305 1026 2370 cuniculos

31 2387 253 2483 quoqueegitt
274 2387 426 2450 alacriter
441 2389 689 2452 occurrentibus
705 2387 746 2450 ad
759 2388 867 2451 omnia
880 2387 1029 2464 obsedit,

29 2469 104 2610 qqi,
132 2469 272 2533 aierllim
294 2483 329 2531 et
349 2469 414 2556 ἱραί
433 2469 648 2534 auflodientea
670 2469 822 2544 humum,
853 2471 896 2534 ali
961 2471 1028 2534 ndo

28 2571 45 2609 a
88 2551 159 2636 ipso
179 2569 259 2635 rege
281 2552 314 2614 iu
333 2553 491 2616 cuniculis
514 2553 582 2616 cuia
605 2551 823 2638 opprimendo
841 2552 905 2614 hau
946 2554 1030 2618 rnul-
1066 2607 1074 2620 ,

27 2645 96 2694 tum
123 2633 308 2697 abfuerunt.
350 2635 439 2700 luter
467 2635 548 2698 haec
578 2635 676 2698 etiam
704 2647 871 2716 comperta
899 2633 1030 2696 Luculli
1122 2693 1129 2702 ,

27 2714 211 2797 praesentia
234 2717 337 2799 magia
362 2715 466 2780 erecti
493 2729 568 2778 eunt
589 2715 705 2780 animia
736 2713 901 2800 postquam
918 2714 1029 2778 millua

27 2798 67 2856 ah
88 2797 250 2860 Archelao
271 2799 440 2862 Demonax
465 2799 591 2882 primur
618 2795 653 2860 id
676 2795 829 2861 nuncium
853 2796 888 2859 iu
912 2795 1031 2858 urbem

28 2879 156 2956 intulit3
192 2879 479 2966 dubitantibueque
505 2900 606 2966 puer,
639 2881 697 2964 qui
723 2877 944 2962 captivitatem
969 2876 1059 2940 hon

24 2959 120 3022 ilium
141 2961 218 3106 inqu
239 2961 402 3036 evaserat,
434 2962 655 3046 interrogatur
682 2959 739 3026 ubi
765 2957 865 3026 castra
882 2961 1028 3024 Romana

25 3033 159 3118 effent,'
200 3044 282 3128 igito
304 3041 572 3107 commonstravit.

91 3151 192 3214 xvtt.
224 3156 339 3235 Neque
368 3149 605 3233 praetereunda
632 3146 677 3212 eil
700 3114 772 3224 via,
804 3167 867 3234 qua
888 3145 1025 3210 nuncius
1040 3139 1223 3264 malm

22 3233 158 3300 Luculli
180 3233 334 3300 oblellam
356 3234 389 3294 in
409 3231 523 3312 urbem
541 3229 736 3316 penetrarit.
779 3235 924 3315 Namque
944 3227 1025 3289 duca
1121 3281 1128 3294 ,
1167 3293 1184 3330 u

19 3315 185 3376 maximoe
204 3330 296 3378 utres
314 3315 378 3376 levi
394 3313 522 3376 tabulae
536 3313 738 3393 aubjecerata
759 3311 887 3374 utribus
903 3309 1026 3372 insulae
1039 3297 1097 3404 ὦ
1125 3309 1214 3421 ’Μ’

20 3398 147 3460 literae
170 3397 299 3461 Luculli
327 3408 436 3469 erant,
467 3415 531 3480 quo
557 3393 720 3458 adversus,
737 3393 907 3456 humorem
935 3405 1109 3488 tege-W,

18 3494 154 3542 rentur.
186 3479 226 3540 ab
248 3478 402 3542 inferiori
428 3491 520 3561 parte
545 3475 627 3540 duae
650 3475 784 3558 regulae
806 3471 955 3540 distantes
977 3495 1028 3534 m-

16 3563 137 3629 vicem
163 3575 256 3626 utrea'
282 3559 500 3628 continebant.
535 3557 613 3622 huic
640 3556 805 3622 machinae
833 3555 1027 3640 impositus,

15 3667 83 3731 per
108 3643 298 3722 trajectum,
327 3657 452 3728 aeptem
469 3639 571 3704 millia
589 3639 732 3725 pulsuum
748 3637 938 3712 habeniem,
969 3657 1029 3720 pe-

15 3729 129 3790 dibus
155 3725 218 3788 iter
242 3723 487 3810 adgnhmanr,
517 3722 604 3786 inter
626 3721 745 3784 molem
763 3717 961 3787 Mithridatia
980 3731 1029 3784 at-

15 3832 82 3894 que
102 3806 270 3886 insulam,
302 3805 497 3872 vitabundus
517 3803 654 3866 hostium
674 3803 821 3877 ciuilem,
853 3801 892 3862 ad
913 3799 1028 3864 urbem

15 3889 204 3982 pervenita
233 3911 306 3954 nam
325 3887 441 3976 procul
460 3886 639 3952 uisentibus
660 3873 727 3948 nim
744 3885 862 3961 homo,
885 3883 943 3950 aed
961 3903 1028 3948 ma·

45 4085 138 4158 Cap.
163 4081 240 4136 xtv.
265 4079 346 4135 etur..
379 4079 451 4164 (lap.
471 4079 536 4134 XV.
562 4079 687 4132 Pauaan.
704 4075 727 4132 l.
742 4075 769 4144 4.
794 4075 871 4130 Plut.
896 4069 1026 4144 Appiam.

17 4157 92 4284 hl:
107 4138 1026 4298 {littaei-aetherea.dualitati:
