2654 4684
315 265 354 329 qu
377 246 656 313 FRElNSHEMIl
674 241 1087 316 SUPPLEMENTORUH
1103 245 1180 308 Lan.
1195 244 1303 308 xm.

145 455 181 512 tt.
199 476 226 514 e.
241 459 305 518 ⁶⁶5.
316 468 468 520 euertere
490 453 669 538 potuisset,
700 453 790 518 viras
808 454 921 529 daret,
953 475 1016 518 nee
1032 454 1099 516 uisi
1115 449 1302 538 profligatae

144 527 279 599 A·C·⁸7·
313 538 377 620 jam
394 536 596 620 optimatium
613 556 746 600 caussae
765 551 984 600 succurreret.
1256 579 1262 591 ·

142 645 305 716 mmm
377 619 494 683 XXVl.
518 617 668 680 Adunato
686 618 789 700 igitur
803 619 962 692 exercitu,
986 639 1084 702 quum
1101 627 1304 700 anteponam

127 726 197 770 snm
215 720 280 775 sset·
317 702 475 764 Collinum
493 698 590 767 culina
609 701 794 786 posuisset,
823 701 940 762 eodem
956 715 990 764 et
1015 699 1117 760 Cinna
1132 719 1208 760 cum
1235 698 1304 758 Ser·

97 803 99 810 ·
128 783 181 842 dit.
315 784 404 846 torio
433 781 641 866 supervenit,
673 802 845 868 usqueque
871 781 972 844 multo
1000 781 1117 842 abinde
1136 779 1306 842 intervallo

316 861 569 928 castrametatus
587 877 649 928 est.
690 865 802 947 Pugna
821 861 942 926 deinde
962 864 1050 926 inter
1074 860 1259 925 Sertorium
1280 871 1307 919 et

315 945 507 1032 Pompeium
527 946 709 1016 commissa,
732 967 830 1028 quum
849 945 888 1007 ad
907 959 1081 1008 sexcentos
1098 941 1305 1010 cecidissent,

316 1029 505 1092 interventu
526 1027 631 1088 noctis
662 1027 821 1116 dirempta
853 1026 906 1090 eli.
949 1029 999 1090 Eo
1021 1041 1170 1123 tempore
1195 1021 1307 1084 accidit

316 1130 371 1170 res
391 1106 486 1194 saev'a
504 1121 537 1170 et
551 1107 738 1180 horribilis,
772 1124 807 1170 ut
824 1109 1041 1193 Pompeianus
1060 1108 1154 1170 miles
1175 1103 1307 1168 fratrem

316 1211 357 1254 ex
391 1191 526 1252 adversa
559 1191 629 1251 acie
661 1190 815 1272 ignorans
853 1191 1058 1274 ignorantem
1094 1185 1306 1250 interficeret.

315 1275 399 1336 Eum
416 1271 553 1345 deinde,
588 1293 686 1356 quum
705 1271 825 1334 mortui
841 1290 962 1356 corpus
983 1269 1153 1356 spoliando
1174 1268 1307 1330 fratrem

315 1356 522 1451 agnovisset,
539 1351 672 1435 „ingenti
687 1354 916 1416 lamentatione
935 1353 1033 1428 edita,
1055 1373 1172 1436 rogum
1193 1347 1307 1414 exllru·

287 1459 290 1464 ·
314 1459 402 1504 xiste
423 1449 619 1510 memorant3
642 1448 686 1508 et,
708 1455 890 1500 conscenso
909 1455 1003 1520 rogo,
1027 1457 1126 1518 quum
1140 1431 1260 1496 eodem
1276 1451 1307 1491 se

314 1517 424 1602 gladio
443 1513 676 1588 transfixisset,
702 1538 766 1602 quo
783 1517 918 1582 fratrem
933 1516 1118 1590 occiderat,
1141 1533 1307 1578 commune

315 1620 388 1662 oum
407 1601 465 1662 illo
492 1595 614 1659 bullum
639 1595 804 1662 habuisse.
846 1599 1035 1662 Miserabilo
1052 1597 1115 1662 hoc
1135 1597 1264 1660 facinus
1282 1607 1307 1656 et

314 1696 394 1758 erat,
422 1695 455 1743 et
473 1679 661 1762 uidebatur:
684 1679 743 1742 sed
762 1695 811 1743 tot
828 1679 994 1744 hominum
1018 1681 1182 1766 utrimque
1200 1676 1307 1748 millia,

314 1778 412 1850 quum
430 1761 484 1824 itta
510 1757 761 1838 detestarentur,
783 1762 868 1824 haud
889 1764 1014 1826 leviora
1033 1759 1290 1838 cqmmittebant.

146 1897 168 1950 c
194 1895 226 1948 u
263 1895 270 1910 .
376 1847 504 1908 xxvtt.
527 1849 561 1904 tn
580 1843 642 1906 hoc
659 1840 796 1906 articulo
815 1865 925 1906 recum
948 1847 984 1907 C.
1001 1845 1124 1906 Marius
1140 1841 1246 1904 ceteri
1273 1859 1307 1900 ue

130 1932 177 2024 ἰή·
191 1911 356 2018 hames
384 1925 495 1987 Africa
526 1924 565 1986 sd
594 1927 802 1989 Telamonem
833 1925 985 1988 Etruriae
1012 1940 1143 2010 portum
1173 1863 1307 2008 apprile-

130 2027 215 2089 καὶ.)
316 2022 404 2070 runt.
422 2011 541 2069 ,Erant
560 2028 631 2068 cum
649 2005 700 2068 his
721 2009 850 2094 equites
864 2009 990 2082 Mauri,
1014 2021 1046 2070 et
1066 2007 1196 2092 quidam
1218 2005 1307 2065 ltalo-

192 2099 195 2106 ’
317 2090 408 2164 rum,
431 2109 513 2174 quos
528 2090 564 2150 in
581 2087 724 2150 Africam
743 2087 845 2152 aelius
863 2091 1027 2151 bellorum
1047 2103 1101 2151 aut
1120 2089 1202 2151 aliae
1222 2107 1307 2148 caus·

319 2191 373 2234 sae
401 2173 616 2256 expulerant3
655 2171 690 2233 in
717 2173 906 2234 universum
937 2171 1021 2234 haud
1052 2193 1100 2232 am
1125 2171 1188 2232 lius
1211 2169 1307 2248 mille,

288 2255 402 2326 ·Sed,
435 2253 615 2314 adnomen
637 2254 732 2314 Marii
756 2254 1029 2316 concurrentibus
1047 2195 1176 2325 mullis,
1215 2251 1307 2335 quum

317 2349 352 2398 ct
368 2333 524 2420 ergastula
545 2348 701 2406 armaret,
729 2349 821 2398 etex
841 2335 956 2396 liberis
977 2335 1162 2398 huminibus
1184 2333 1306 2416 agrico-

316 2414 668 2502 las-umpaliorumque
694 2414 937 2480 robustissimos
960 2418 1175 2488 centuriaret,
1219 2416 1306 2476 brer*

318 2499 359 2560 ad
384 2520 440 2561 sex
456 2497 622 2560 hominum
640 2498 740 2560 millia
760 2513 870 2562 coacta
893 2513 984 2561 sunt:
1019 2497 1137 2583 quibus
1155 2498 1189 2557 in
1214 2515 1306 2556 navet

318 2581 529 2664 quadraginta
551 2579 732 2664 impositis,
756 2601 854 2665 quum
874 2584 934 2644 Cn.
951 2581 1123 2644 Octavium
1148 2579 1257 2640 virum
1283 2599 1306 2636 o

315 2665 454 2746 ptimum
470 2681 544 2724 esse
560 2673 684 2736 nosset,
702 2663 824 2724 Cinnae
842 2659 1200 2744 sessstuitadjuugere3
1244 2679 1306 2720 rae

202 2769 206 2778 ·
316 2745 437 2818 millis,
460 2745 516 2828 qui
532 2744 648 2806 uenire
667 2744 823 2820 uarium,
856 2745 1049 2830 consulique
1070 2743 1160 2806 dicto
1176 2681 1303 2804 augien

316 2839 383 2888 tem
403 2825 478 2888 lore
495 2827 699 2889 nunciarent.
1018 2871 1023 2891 ,
1305 2849 1306 2880 t

319 2951 324 2960 '
378 2931 523 2997 xxv111.
547 2935 593 2994 Ea
610 2930 651 2994 de
668 2951 707 2994 re
729 2953 826 3020 quum
849 2931 889 2994 ad
911 2933 1085 2995 consilium
1103 2931 1204 2993 Cinna
1222 2943 1306 2992 retu

157 2985 246 3038 cim
259 2983 424 3088 ‘''lill'en
466 3015 570 3077 ceteri
591 3027 724 3158 qraeter
748 3015 933 3078 Sertorium
956 3035 1068 3078 omnes
1087 3013 1203 3098 cupide
1226 3009 1303 3073 reci

139 3055 474 3180 iwijfffpiendtuu
498 3115 596 3159 oense
622 3109 686 3158 ant.
728 3098 863 3157 Summam
887 3103 917 3158 iu
936 3101 996 3158 viro
1019 3101 1151 3158 uirtutem
1167 3115 1226 3156 cum
1253 3111 1305 3174 pes

66 3239 68 3246 ,
138 3193 211 3264 piat.
315 3181 418 3259 peritia
445 3181 486 3238 rei
513 3177 718 3260 militaris-pro
737 3177 858 3238 mudum
878 3199 979 3240 certam
993 3179 1126 3262 spondere
1144 3179 1295 3238 victoriam

252 3327 259 3342 .
318 3257 410 3338 quibus
428 3257 577 3342 accfflffet.
621 3260 656 3318 Iu
671 3195 748 3334 urle,
770 3263 800 3320 iu
809 3259 902 3336 ltalia,
925 3257 1305 3342 inproviuciisubs'quetmtus

184 3327 306 3398 Pimllu'
321 3341 353 3406 C.
367 3341 461 3400 Marii
476 3363 587 3413 tunnis,
611 3341 707 3424 ubique
721 3341 926 3426 amplumatque
937 3341 1096 3404 heimramm
1104 3339 1165 3422 effe.
1182 3343 1305 3400 sentinet

145 3395 522 3519 ‘'lm'lfermemtlinm
537 3443 693 3483 ueteranum
706 3423 771 3484 ullis
785 3429 816 3485 iu
824 3423 918 3503 castris
926 3425 1054 3485 Romanis
1065 3425 1193 3496 iasuettt'ti,
1209 3421 1305 3504 qua’fil

145 3483 217 3588 ξω.
316 3503 364 3566 boc
380 3507 543 3586 imperatore
558 3525 611 3564 tion
621 3509 763 3567 asseruerit.
784 3515 817 3568 rie
836 3511 1016 3590 resignatum,
1034 3505 1228 3589 quantamcim
1243 3521 1305 3584 opu

318 3584 452 3646 militares
464 3588 567 3646 artimus
574 3589 700 3646 memoria
711 3588 809 3648 ductent
817 3527 922 3662 lateat,
933 3607 1049 3668 quorum
1059 3585 1174 3668 auspicio
1185 3587 1305 3646 vicerim

316 3687 432 3750 quorum
455 3663 578 3747 beneficio
602 3668 690 3742 dotto,
722 3669 852 3743 lusores,
875 3669 1008 3744 divitias,
1023 3667 1130 3751 frimam
1144 3663 1204 3750 fist
1226 3657 1305 3746 conti

318 3753 408 3832 quoti.
450 3749 505 3810 Sed
525 3771 552 3810 es
571 3753 601 3811 iu
623 3749 840 3838 nsugstratibus,
875 3771 941 3833 quos
959 3769 1067 3834 togatus
1087 3753 1118 3814 in
1140 3747 1209 3810 urbe
1232 3741 1305 3832 geffi

215 3995 220 4004 Ι
354 3921 695 4003 caaxxvmaepn.
728 3908 802 3994 cap.
819 3921 924 4004 xxyr.
944 3919 1304 4010 ippumvenoross

318 4007 409 4045 senna
419 3989 497 4060 apud
507 3994 576 4045 Tae.
589 3994 647 4046 ttrtt
660 3992 739 4047 Mis.
749 3991 837 4045 Oros.
848 3991 910 4046 Ltv.
920 3993 998 4066 Eprt.
1010 3995 1097 4049 Oros.
1119 3991 1271 4064 Camlllli
1288 3991 1302 4042 l

316 4059 396 4186 ἓξὲξ.
416 4061 648 4188 shgqqsrflcqrae.
667 4079 711 4118 at·
734 4059 810 4118 Plau
828 4059 956 4146 Appiae.
972 4067 1049 4126 Plut-
1086 4064 1159 4138 (lup.
1181 4059 1304 4120 XXVII
