2682 4676
216 299 260 361 m
280 295 432 362 tonora
451 299 533 360 arn.
549 299 722 375 nxxxm.
741 298 852 366 arnt.
979 297 1036 380 1⁶7

53 419 1017 450 m...—

50 505 122 563 niam
139 517 173 564 et
189 505 303 586 copias
319 518 353 566 et
364 525 522 566 annonam
536 506 679 590 undique
690 505 937 580 contrahebant,
957 526 1040 590 opu·
1066 508 1102 564 U.
1119 525 1145 562 c.
1161 509 1223 580 667.

51 586 248 648 lentillimum
267 606 430 682 quemque
447 587 673 659 sollicitantes,
697 608 811 650 eorum
828 589 965 658 maxime
979 607 1038 670 po·
1068 577 1204 656 &sl-⁸5:
1271 603 1290 633 ι’

50 668 212 750 palorum,
234 688 291 750 qur
309 687 416 751 nuper
433 668 493 729 ade
518 669 543 729 ti
560 669 611 749 jus
630 669 772 732 civitatis
787 673 950 732 Romanae
968 669 1040 729 sue·

51 761 131 808 rant:
154 747 246 832 quod
263 751 396 810 illorum
414 692 643 812 caulfft‘omnia
661 765 694 813 et
711 751 831 822 faeere,
849 765 888 812 et
905 749 971 834 pati
991 748 1042 810 ‹ti-

51 844 166 890 terent.
219 831 355 892 Classem
375 831 472 892 etiam
491 830 704 906 instruebant,
737 833 848 906 accitis
868 833 1003 914 insuper
1023 851 1043 892 e

51 912 154 974 Sicilia
172 913 329 984 navibus,
353 933 508 998 oramque
527 935 654 977 omnem
673 916 864 979 maritimam
884 913 1044 976 custodie·

51 993 130 1054 bant:
153 1007 246 1056 rnetu
265 1009 299 1056 et
314 995 506 1079 eupiditate,
530 997 657 1076 duobus
677 997 877 1067 validillimis
896 993 1042 1068 stimulis,

51 1075 193 1220 nibilbad
216 1076 445 1157 epactisiimam
471 1079 673 1162 diligentiam
701 1080 822 1165 reliqui
849 1079 960 1141 facere
987 1097 1044 1140 co·

51 1173 130 1240 genti
156 1179 209 1220 ua.
444 1163 447 1176 ¹

99 1267 187 1326 xltt.
210 1265 325 1348 Igitur,
345 1267 599 1349 quantumvis¹in
612 1267 751 1330 arbitrio
769 1280 899 1329 senatus
919 1287 954 1328 se
971 1265 1045 1328 sore

52 1345 146 1407 Cinna
161 1346 379 1431 promiserat,
395 1348 432 1408 id
447 1349 545 1412 modo
563 1365 756 1434 exspectaus
772 1350 949 1432 temporis,
972 1347 1048 1408 dum

51 1429 142 1511 legati
161 1425 477 1512 proficiscerentur,
504 1431 544 1491 ad
565 1432 732 1516 ingenium
752 1429 869 1492 rediit:
899 1443 949 1504 et,
972 1430 1048 1514 quia

51 1533 108 1572 non
128 1513 228 1572 unius
247 1513 323 1572 anni
342 1512 488 1580 laborem
508 1535 544 1574 se
563 1515 733 1610 suscipere
750 1513 972 1596 intelligebat,
996 1531 1075 1572 se·-

52 1615 107 1676 que
132 1607 167 1654 et
187 1595 371 1657 Carbonem
397 1595 546 1658 consules
575 1597 609 1656 in
635 1595 812 1656 biennium·
830 1595 972 1666 creavit,
1005 1612 1048 1655 ne

53 1675 254 1737 comitiorum
283 1678 386 1740 caussa
414 1678 537 1740 reverti
557 1678 600 1738 'iu
624 1677 739 1740 urbem
763 1676 924 1739 necessum
947 1674 1048 1737 habe·

54 1772 129 1820 rent.
154 1756 327 1900 Quidquid
345 1757 464 1820 deinde
478 1773 600 1844 eogere
615 1759 753 1822 militum
770 1758 940 1821 undelibet
954 1772 1049 1842 pote-

53 1853 132 1913 rant,
154 1841 192 1900 in
213 1839 255 1902 Li
280 1861 380 1903 ornos
399 1842 666 1925 praemittebant:
698 1839 785 1928 quod
808 1839 886 1902 inde
911 1839 1049 1900 maxime

54 1921 237 1984 advenienti
257 1923 366 1986 Sullae
383 1920 613 1986 eonllituerant
630 1943 818 1986 occurrere.
851 1925 894 1984 Et
909 1923 1051 2007 primum

54 2005 176 2087 quidem
195 1999 443 2086 praemissorum
460 2026 576 2088 agmen
592 2005 753 2102 prospero
771 2003 868 2066 cursn‘
879 2004 1051 2084 trajectum

56 2085 106 2148 att:
139 2106 285 2170 sequena
313 2084 498 2171 tempestate
522 2087 562 2150 ad
583 2077 681 2152 lrt'ora
703 2087 880 2168 rejectum:
913 2087 1052 2150 milites·

56 2189 128 2252 qne,
156 2167 370 2231 exscensione
393 2169 498 2244 sacta,
528 2169 650 2234 bellum
671 2167 769 2232 civile
787 2165 948 2242 detestati,
977 2189 1051 2230 anas

58 2253 187 2334 quisque
216 2249 333 2313 domos
358 2253 594 2346 repetiverant.
645 2251 753 2332 Hujus
774 2251 825 2312 rei
845 2247 929 2312 sama
954 2269 1053 2333 quum

9 2393 10 2396 ,
58 2333 109 2394 late
134 2354 250 2416 sparsa
272 2333 369 2408 esset,
401 2355 464 2416 Jam
490 2355 587 2398 nemo
616 2349 704 2410 erat,
742 2335 799 2420 qui
830 2332 1052 2395 conscendere
1163 2391 1172 2405 ,

9 2415 10 2424 ’
54 2435 161 2476 uatem
180 2415 295 2481 vellet.
1081 2453 1226 2511 uem·
1254 2413 1261 2456 ¹

106 2521 197 2584 x1v.
228 2520 358 2584 Idcirco
374 2522 494 2596 Cinna,
522 2501 753 2607 jam'quartum
774 2521 910 2595 consul,
939 2519 1049 2582 Anco·
1082 2525 1218 2591 acet.

9 2575 11 2628 l
54 2624 136 2676 nam,
158 2603 219 2664 ubi
239 2624 372 2688 magnae
392 2618 609 2690 congregatae
629 2605 743 2700 copiae
760 2617 871 2675 erant,
896 2603 1049 2674 accurrit,
1076 2595 1238 2676 ,ΜΡΝ-

9 2713 11 2790 p
54 2699 84 2745 at
101 2686 222 2748 minaci
242 2687 391 2750 oratione
409 2687 563 2762 territos,
599 2687 653 2751 vel
674 2687 796 2748 invitos
818 2685 852 2746 in
870 2705 971 2746 naves
990 2661 1234 2786 im-41}⁰¹.l¹‚:ocl¹}·
1315 2743 1327 2756 ,

9 2803 11 2888 p
55 2781 200 2848 poneret.
249 2767 422 2834 Nesciebat
446 2769 520 2842 ille,
554 2791 609 2831 sua
634 2769 751 2852 suique
774 2767 929 2828 similium
950 2785 1051 2848 opera
1064 2749 1165 2855 Οἰῗῇι
1227 2765 1237 2783 ⁰

9 2889 11 2914 i
56 2863 165 2910 nutam
194 2851 261 2912 else
283 2850 401 2912 saetam
422 2871 549 2912 morum
570 2849 856 2948 depravationem,
888 2859 924 2908 ut
943 2845 1050 2909 occidi
1083 2867 1245 2924 Samma.

9 2939 10 3010 t
57 2931 251 2994 amilitibus
279 2933 529 3016 imperatorem,
563 2937 778 3018 qura‘novum
801 2951 867 3003 non
888 2942 975 3003 erat,
1008 2940 1155 2992 uetitum.

9 3021 11 3062 t
57 3033 200 3098 magnum
228 3013 362 3097 quidem
394 3016 518 3079 crimen
548 3015 736 3077 haberetur.
786 3003 889 3076 Erant
919 3026 1053 3094 praeter
1081 3007 1225 3076 ΜΡΝ

58 3095 124 3156 alias
144 3097 272 3159 caussas
296 3098 479 3160 exacerbati
498 3097 637 3158 militum
658 3093 776 3167 animi,
806 3093 895 3238 quod
911 3095 1052 3178 Pompe·
1066 3078 1179 3130 ‘W'
1190 3089 1237 3126 θ’·

59 3174 99 3252 jus
121 3177 339 3252 adolescens,
372 3199 469 3265 quum
491 3179 526 3240 in
549 3177 646 3244 callra
662 3179 784 3242 Cinnae
823 3177 917 3240 uill'et
940 3145 1226 3260 prose-sl'⁸³f⁸‘⁸“'

59 3273 135 3330 ctus,
167 3261 381 3334 calumniam,
409 3276 443 3324 et
463 3281 504 3320 ex
525 3261 683 3324 calumnia
704 3259 889 3345 periculum
911 3258 945 3320 su
972 3259 1055 3331 iens,

59 3337 221 3422 ignoratus
254 3364 291 3404 se
321 3341 535 3406 subduxerat:
571 3343 758 3430 militesque
787 3341 868 3404 elam
897 3279 1057 3407 subiatum

60 3425 310 3508 suspicabantur.
950 3451 962 3460 “

109 3532 186 3596 XV.
210 3531 270 3592 Sic
282 3531 491 3596 exacerbatae
506 3531 707 3594 multitudini
722 3551 820 3617 quum
835 3551 870 3594 ae
884 3531 987 3594 Cinna
998 3531 1056 3593 ab·
1083 3579 1086 3588 ,
1111 3593 1116 3610 f

58 3609 194 3689 jceiss‘et,
217 3613 308 3675 sorte
330 3614 467 3690 accidit,
489 3625 525 3680 ut
540 3615 657 3689 lictor,
681 3615 776 3689 dum,
805 3615 839 3676 in
863 3615 1058 3676 concionem

60 3708 147 3758 eante
167 3693 318 3768 consule,
341 3697 467 3760 turbam
487 3697 670 3771 submovet,
692 3697 828 3760 militem
845 3696 1059 3780 contemptim

59 3775 258 3840 resistentem
276 3777 431 3876 pulsaret,
452 3779 658 3864 vicissimque
677 3779 716 3841 ab
735 3779 798 3840 alio
817 3779 920 3841 milite
962 3797 1057 3838 ercu-

9 3907 11 3926 ε
61 3871 190 3922 teretur.
236 3859 287 3921 lbr
318 3882 415 3946 quum
444 3861 597 3925 aecensus
625 3863 673 3923 irb
701 3861 810 3926 consul
836 3881 936 3956 percu
965 3879 1057 3921 crem

9 3969 16 4008 t
62 3943 179 4030 corripi
201 3941 352 4024 juberet,
384 3944 447 4009 hoc
470 3945 600 4008 initium
621 3945 776 4006 tumultus
801 3944 881 4006 suita
914 3941 1057 4004 sublato·
1104 3943 1110 3978 ¹

82 4129 161 4208 ,cap
176 4132 259 4188 xrv.
278 4130 393 4198 tiator
409 4129 446 4188 aa
463 4131 535 4187 atra
552 4091 651 4188 atrior.
668 4129 799 4207 appan.
816 4127 882 4188 ttv.
896 4127 977 4202 apti.
997 4125 1056 4202 ap.

65 4210 135 4267 Ptin.
151 4199 230 4258 Plut.
249 4201 353 4276 Pomp.
389 4201 460 4280 Gap.
478 4203 542 4264 XV.
560 4201 689 4278 appias.
