2702 4694
100 2605 113 2654 l

157 437 299 506 U.c.7oo.

156 507 291 566 Μῶα.

149 577 301 638 MirsGal.

124 645 301 702 laromam·

126 731 181 770 m·
215 720 222 736 Ι

308 227 370 310 oq.
418 187 1056 290 rnmnsneolrununnronou
1065 221 1292 292 macno.

375 433 486 502 LVIII.
519 437 633 518 Neque
651 415 949 516 praetermiserim}
982 432 1073 519 quod
1098 453 1118 494 a
1144 436 1314 498 sevisum

315 520 434 581 Caesar
447 517 624 579 memoriae
638 513 829 577 tradendum
843 517 978 600 putarit.
1006 517 1046 578 Ut
1062 517 1236 578 maximam
1249 521 1314 579 Ro·

314 619 481 662 manorum
505 599 621 660 turrim
648 595 864 660 incenderent
882 598 986 674 Galli,
1017 618 1081 684 per
1100 619 1223 660 munus
1243 603 1313 662 seri

314 705 351 746 ac
369 683 454 767 picis
469 680 639 743 tradebant
657 679 788 764 glebas,
811 701 890 764 quas
906 693 1067 765 acceptas,
1090 681 1152 764 qui
1161 683 1313 764 proxime

313 765 482 830 ardomem
502 763 564 846 jam
580 763 690 846 ignem
709 759 824 836 llabat,
854 761 895 824 ed
918 761 1101 846 augendum
1123 762 1313 825 incendium

312 847 477 926 injiceret.
521 843 587 906 Sed
613 845 667 908 bic
695 843 869 939 scorpione
893 865 911 906 a
933 844 1019 908 turri
1044 845 1134 906 ictus
1157 847 1312 922 coupidit

314 950 396 1013 ergo
414 927 573 1009 jacentem
589 925 792 988 transcendit
810 927 910 1000 alius,
936 939 972 988 ut
992 925 1080 988 idem
1097 947 1225 988 munus
1243 949 1312 1011 per-

313 1011 440 1073 liceret.
475 1007 562 1070 bunc
583 1008 679 1070 etiam
698 1007 766 1070 telo
786 1007 946 1088 dejectum
967 1007 1098 1091 excepit
1114 1009 1262 1082 tertius,
1284 1026 1311 1071 et

199 1129 208 1152 .
312 1093 446 1156 tertium
467 1103 619 1173 quartuor
640 1109 749 1174 neque
768 1109 887 1152 vacuus
908 1089 965 1158 ille
984 1091 1124 1152 relictus
1146 1088 1197 1152 est
1214 1092 1308 1166 loeus,

184 1215 188 1224 ,
304 1177 507 1260 ,priusquam
524 1171 614 1233 omni
634 1191 674 1232 ex
692 1184 786 1256 parte
803 1171 880 1234 linis
897 1171 1062 1258 pugnandi
1080 1169 1199 1236 fieret.

153 1339 304 1400 mie-n
375 1325 461 1389 LIX.
481 1317 589 1418 Quum
607 1341 625 1382 e
640 1319 950 1417 domanio-‘defense
969 1341 1071 1418 opera
1089 1321 1220 1418 qss‘ent,
1242 1343 1311 1408 pro·

127 1423 304 1484 repugnatur.
316 1420 517 1492 pugnatores
546 1403 687 1466 consilio
712 1403 1018 1498 Vercingentorigrs
1046 1404 1246 1502 relinquere
1270 1407 1313 1466 lo-

185 1525 189 1530 ·
312 1501 387 1552 odm
413 1487 597 1550 voluerunt.
642 1484 709 1548 Sed
727 1483 920 1548 femmarum
941 1486 1204 1549 conclamatione
1221 1502 1310 1582 atque

169 2787 301 2847 Caesaris

129 2861 294 2932 strategus

313 1571 411 1634 etiam
429 1568 567 1630 vocibus
585 1566 717 1650 prodita
734 1566 889 1632 Romanis
912 1567 994 1650 fuga,
1010 1567 1075 1630 eli:
1098 1582 1160 1642 nt,
1182 1573 1241 1654 qui
1258 1591 1315 1630 uu-

314 1649 497 1718 sericordia
517 1669 649 1710 suorum
669 1670 735 1710 non
754 1661 945 1731 potuerant,
970 1649 1084 1712 saltem
1102 1671 1169 1712 suo
1187 1651 1317 1746 pericu-

311 1735 347 1797 lo
365 1734 640 1794 absterrerentur.
671 1741 714 1792 nt
730 1751 769 1794 ea
788 1751 844 1794 res
863 1731 1013 1794 omnibus
1031 1732 1138 1793 exitio
1157 1732 1234 1797 furt
1260 1737 1317 1794 Se-

311 1814 428 1900 quenti
446 1814 535 1876 enim
549 1811 621 1884 die,
644 1833 742 1894 quum
762 1827 874 1876 exorta
892 1815 1002 1898 pluvia
1014 1815 1186 1876 Romanos
1207 1815 1247 1876 ab
1263 1836 1316 1898 op-

338 1919 358 1958 u
383 1896 513 1958 natione
535 1895 571 1956 in
588 1890 686 1955 castre
705 1897 830 1959 reverti
848 1895 1013 1978 coegissot,
1035 1896 1124 1957 Galli
1153 1917 1209 1969 ue,
1234 1901 1317 1958 reiut

313 1917 464 2041 leluncri
486 1975 654 2062 periculo,
684 1975 798 2040 domos
819 1977 965 2052 abirent,
997 1977 1118 2038 Caesar
1127 1918 1315 2062 (dispositas

314 2059 467 2144 legiones
486 2057 594 2120 subito
611 2058 677 2120 rim
694 2057 805 2121 lacere
824 2057 864 2120 ad
883 2079 992 2121 muros
1013 2057 1111 2140 jussit.
1157 2063 1207 2122 lta
1225 2083 1317 2144 quom

314 2143 449 2215 vineae,
472 2163 552 2226 quas
569 2139 603 2200 in
623 2141 752 2204 occulto
769 2139 925 2204 habuerat
941 2141 1129 2226 expeditas,
1164 2141 1315 2206 celeriter

316 2223 588 2299 admoverentur3
618 2236 651 2284 et
671 2221 833 2286 bollilium
854 2224 1074 2286 machinarum
1093 2238 1227 2286 amenta
1246 2247 1315 2286 ner·
1343 2263 1344 2309 p

316 2307 417 2389 vique
436 2304 545 2390 pluvio
562 2301 702 2366 resoluti
722 2306 932 2402 languerent,
955 2305 1113 2390 oppidum
1134 2307 1173 2368 vi
1194 2321 1315 2391 ceptum

318 2385 378 2450 est:
400 2387 567 2458 homines,
592 2385 673 2466 citra
690 2385 866 2450 discrimen
886 2409 981 2450 sexus
998 2389 1198 2472 aetatisque,
1224 2389 1314 2450 caesi.

316 2469 371 2532 De
387 2467 600 2554 quadraginta
617 2469 762 2532 millibus
779 2469 834 2530 vix
849 2469 1031 2554 octingenti
1044 2469 1085 2532 ed
1100 2469 1217 2542 castra,
1239 2491 1312 2554 quae

319 2551 355 2612 in
371 2551 541 2636 proximo,
568 2549 628 2613 sed
647 2551 730 2616 locis
748 2551 847 2630 tutis,
870 2551 1155 2636 Vercingentori'x
1172 2552 1314 2625 babebat,

321 2646 508 2700 evaseruut.

384 2783 454 2845 Lx.
476 2781 554 2847 lnde
575 2783 772 2870 Gergoviam
794 2781 875 2844 itum
895 2779 955 2858 est,
983 2781 1020 2843 in
1037 2781 1196 2847 altissimo
1214 2799 1320 2846 monte

324 2865 469 2961 positum
492 2867 716 2930 Arvernorum
747 2863 911 2961 oppidum.
967 2865 1035 2926 Sed
1065 2867 1174 2928 amnis
1204 2869 1321 2929 Elarer

134 2931 312 2984 'mmm’
325 2969 418 3032 prrus
444 2962 514 3011 erat
536 2947 768 3024 transeundus,
800 2967 890 3028 cujus
910 2960 1027 3030 pontes
1049 2965 1168 3010 omnes
1185 2949 1321 3012 Vercin-

120 2999 296 3068 ubst-etue.

326 3031 479 3114 gentorix
502 3030 694 3117 abruperat:
726 3045 774 3104 et,
804 3029 1057 3092 netranseundi
1081 3031 1228 3114 epatium
1249 3035 1321 3094 Cae-

327 3111 395 3174 sari
409 3112 623 3188 concederet,
647 3112 687 3173 ab
703 3113 803 3174 ultera
823 3131 953 3195 semper
972 3113 1043 3196 ripe
1062 3129 1082 3173 e
1102 3113 1249 3195 regione
1264 3117 1322 3174 Ro·

325 3195 494 3256 menbrum
516 3191 613 3256 cellro
634 3194 824 3256 metabatur.
866 3193 1009 3255 Tandem
1026 3193 1161 3267 Caesar,
1188 3195 1321 3260 silrellri

325 3275 539 3360 locopositis
560 3274 687 3352 castris,
717 3274 874 3360 postridie
896 3292 968 3337 oum
987 3276 1107 3358 viginti
1129 3275 1320 3340 cohortibus

326 3359 475 3420 occultus
489 3357 613 3420 'eodem'
629 3359 704 3421 loco
724 3355 882 3420 substititr
903 3371 1029 3419 ceteras
1045 3377 1086 3436 co
1112 3358 1166 3420 ias
1181 3379 1257 3422 cum
1272 3361 1321 3420 im·

305 3433 307 3440 ¹
325 3439 544 3586 pedimentis,
568 3439 836 3526 quemadmodum
852 3439 1019 3524 prioribus
1035 3381 1159 3502 diebus
1175 3442 1320 3503 omnibus
1338 3463 1339 3491 u

165 3587 168 3594 Δ
240 3523 244 3534 ’
342 3541 438 3584 scere
450 3538 677 3595 consueverat,
699 3521 833 3584 dimisit.
877 3519 1003 3593 Hostes,
1025 3523 1167 3584 movill‘e
1187 3543 1264 3586 cunr
1280 3539 1318 3584 to·

325 3617 362 3666 to
378 3605 525 3667 exercitu
536 3607 706 3668 Caesarem
722 3603 881 3676 arbitrati,
906 3625 965 3666 suo
982 3623 1075 3666 more
1094 3605 1318 3691 insequuntur·

328 3687 371 3748 Ut
387 3687 473 3748 enirn
489 3687 629 3760 falleret,
649 3707 714 3748 noo
728 3699 813 3748 totas
827 3683 989 3769 legiones,
1013 3685 1071 3747 sed
1087 3702 1228 3772 quartas
1242 3707 1320 3774 quas·
1337 3669 1338 3727 l

274 3845 278 3854 ι
330 3787 395 3852 que
411 3768 583 3842 cobortes,
611 3770 810 3830 retinuerat:
839 3767 883 3829 ita
900 3766 1062 3832 constabat
1079 3769 1258 3868 legionum
1272 3789 1319 3828 nu·

328 3869 460 3947 merus3
483 3865 535 3948 et,
559 3851 702 3922 diductis
719 3849 908 3946 ordinibus,
932 3851 1064 3935 species
1077 3855 1215 3951 prioris
1227 3849 1320 3914 multi·

328 3931 452 3999 tudrms
474 3953 540 4029 non
560 3951 657 4016 aegre
676 3930 892 3996 efficiebatur.
936 3937 982 3997 lta
1002 3933 1144 4010 Caesar,
1179 3931 1318 4020 dagress‘u

360 4128 436 4208 Gap.
451 4133 526 4200 mx.
553 4135 642 4195 Oros.
662 4137 747 4194 Cass.
