2734 4688
312 263 375 344 oea
425 217 626 332 mmsis.
644 235 1060 362 septemontium
1075 261 1153 330 Ios.
1167 261 1282 328 axso.

143 470 178 528 U·
196 473 298 533 ΒΜ·
313 499 341 543 et
363 465 530 540 diuturnum
553 495 614 537 tum
630 477 754 538 Sertorio
777 474 877 536 bellum
900 471 1050 556 extepsffet.
1103 471 1205 556 Neque
1229 493 1308 537 annot

139 542 176 598 A·
188 543 223 599 ⁰·
235 545 281 612 ⁶7·
313 583 384 623 meos
398 561 636 640 computaveritis:
653 557 793 640 stipendio
810 563 902 640 potius
915 574 1073 627 numerate,·
1090 576 1131 632 et,
1174 577 1236 618 uem
1251 557 1306 618 lost-

196 643 200 654 '
309 639 432 729 giffimte
446 643 519 701 visae
528 639 621 724 spatio
630 641 760 723 finctum
776 661 812 700 ex
826 636 930 700 bomine
936 637 1052 720 sperare
1064 578 1235 720 potuipbetis,
1256 643 1306 715 jam

309 747 345 788 ex
365 745 407 785 me
426 743 455 784 ea
475 741 533 782 tum
550 721 598 804 effe
618 737 753 804 reputate.
797 723 865 784 Non
888 719 975 802 potest
997 739 1014 778 a
1037 720 1200 782 mortalium
1218 723 1306 782 cotsdi.

310 811 383 871 tiotee
407 822 440 888 po
463 803 555 879 ulari,
585 824 636 880 eet,
660 803 770 888 fiann
791 823 876 866 annas
898 801 984 864 robur
1001 800 1115 883 aliquod
1133 801 1306 881 ostenderunt

309 891 493 960 maturitatis,
513 886 585 948 idem
602 888 639 948 ad
656 887 792 950 ulteriora
808 889 882 948 nisae
899 905 952 944 sem
972 903 1022 944 aru
1054 884 1196 966 erftrant.
1219 889 1306 948 Etiam

302 973 420 1055 fructus
436 967 528 1050 paullo
543 974 724 1050 praetutianus
742 973 849 1030 minime
866 966 923 1028 dur
957 965 1008 1026 iles
1018 902 1106 1049 bret:
1127 986 1156 1028 et
1171 969 1305 1044 animalia,

215 1091 221 1100 ·
313 1071 429 1134 quorum
451 1049 610 1132 magnitudo
628 1056 753 1135 uiresque
775 1049 856 1112 velox
874 1052 1068 1112 incrementum
1084 1047 1208 1126 babent,
1235 1055 1308 1113 titius

315 1119 511 1218 cottseneseunt.

156 1248 304 1306 Aestus..
377 1239 461 1301 XIII.
491 1235 579 1322 Qod
589 1233 708 1322 ssforte
730 1237 817 1300 robur
836 1237 920 1302 animi
940 1240 1062 1320 torporis
1098 1237 1256 1300 enondnm
1269 1241 1305 1300 iu

142 1319 251 1404 lobqrqs
278 1329 305 1373 tl
317 1321 500 1404 consumptum
519 1317 601 1462 qffet,
631 1341 664 1382 ut
683 1321 814 1402 periculis
831 1319 1019 1404 laboribusque
1035 1319 1102 1380 beli
1119 1319 1206 1400 bajus
1225 1325 1303 1403 impar

143 1388 279 1440 ‘'⁰¹³¹“
317 1403 468 1482 exislimuri
485 1403 518 1463 de
536 1423 613 1476 eret,·
642 1403 806 1486 inuidiosum
826 1421 1012 1479 tamese,erot,
1039 1405 1115 1462 inter
1133 1419 1178 1462 tot
1227 1408 1302 1485 regias

143 1456 294 1534 ‘Imm‘
316 1489 393 1548 viros
409 1484 446 1544 ud
460 1504 501 1544 me
515 1483 679 1571 potiffe'mum
695 1483 825 1567 populum
838 1485 989 1558 Romanum
1005 1482 1146 1566 respicere⁸
1178 1423 1304 1566 o‘btgttess

289 1576 293 1583 '
315 1567 353 1646 est
373 1585 401 1627 et
417 1564 588 1627 intolerabile
605 1566 792 1628 aemulationis
810 1587 896 1640 attus,
919 1569 979 1639 eui,
996 1565 1027 1649 se
1064 1585 1129 1625 uum
1144 1566 1235 1646 potest
1244 1565 1305 1649 sub-

314 1649 431 1720 ducere,
460 1645 584 1710 bumeros
603 1669 678 1710 nemo
717 1648 820 1710 rudens
831 1647 992 1731 subjecerit.
1036 1586 1063 1707 q
1071 1650 1133 1706 itur
1142 1648 1307 1729 jampridem
1347 1703 1349 1706 .

315 1729 389 1791 baud
408 1732 497 1789 minus
513 1725 675 1792 botrorum!
708 1743 857 1814 urumque,
888 1749 968 1811 quom
988 1668 1109 1790 isnibise
1123 1729 1226 1809 satur,
1250 1753 1308 1790 tou.

309 1810 375 1894 sul,
397 1815 440 1873 uti
459 1812 631 1890 metnitustit,
645 1813 766 1892 jurani,
796 1813 916 1876 nuIIom
934 1811 968 1874 in
986 1811 1191 1896 provinciam
1214 1833 1255 1875 ex
1272 1834 1308 1876 eo

315 1891 498 1978 magistratu
515 1891 653 1957 iturum:
667 1893 756 1976 'idque
766 1895 889 1978 servavi.
928 1893 1022 1966 Nunc,
1044 1893 1188 1974 exsolutis,
1208 1915 1243 1956 ιιι
1251 1895 1307 1978 spe·

316 1975 1310 2142 {bolizillssllslll§.tb‘ltzwllillnlnllll

659 2101 668 2134 ,
1296 2094 1309 2112 .

317 2161 398 2202 tuum
414 2142 480 2204 mibi
497 2145 613 2223 meisque
623 2138 725 2222 fissuris
742 2145 845 2203 nivern.

159 2267 197 2322 Β,
211 2281 307 2321 „„,.
381 2248 467 2315 XIV.
492 2248 537 2308 Ne
556 2268 589 2308 ue
605 2267 663 2307 rem
682 2246 795 2308 ublieart
813 2247 1036 2330 praetexueritis.
1070 2265 1124 2307 rnre
1137 2248 1181 2308 ita
1196 2243 1310 2306 aderunt

131 2337 184 2393 lits
203 2337 249 2390 leis
264 2351 308 2389 ue·
321 2329 514 2414 teegligunsque
532 2269 645 2390 bamam
697 2334 736 2404 ii,
765 2348 870 2406 utnon
890 2327 984 2390 babeat
1003 2327 1121 2402 multos,
1152 2327 1252 2411 quibus
1271 2347 1312 2388 ea·

79 2416 81 2420 ’
129 2407 305 2478 εθΰῑῖῐιὶῦϊίῐ·
319 2411 380 2470 dem
391 2409 432 2490 st't
445 2409 549 2492 peritia
565 2413 607 2470 ret'
625 2411 775 2485 militarit,
802 2412 925 2493 idemque
943 2415 974 2471 in
990 2415 1112 2492 putrium
1128 2429 1217 2472 umor.
1251 2430 1312 2492 quo·

319 2513 384 2552 rum
400 2511 447 2576 ego
463 2490 618 2552 nominibus
634 2491 773 2568 abstineo,
800 2512 828 2554 et
848 2497 913 2574 quin
931 2513 978 2553 uos
997 2513 1050 2552 non
1068 2490 1177 2574 poffunt
1192 2493 1310 2576 fallere,

320 2594 348 2634 et
367 2579 431 2656 quia
450 2573 512 2634 nolo
529 2574 605 2634 dictu
621 2594 679 2634 mea
688 2573 731 2655 fic
748 2579 848 2658 accipi,
879 2593 1016 2656 tamquam
1070 2577 1127 2634 n'us
1146 2579 1178 2634 in
1194 2578 1314 2657 gratian

312 2655 505 2740 fingulorum,
525 2658 605 2738 quam
622 2655 655 2718 ob
672 2657 820 2719 utilitatem
835 2655 987 2738 publicam,
1010 2591 1087 2736 eqbbm
1104 2656 1248 2739 loquutus.

18 2785 24 2800 ³
150 2787 310 2846 Mam,
382 2763 454 2830 XV.
487 2765 663 2827 Tonantem
692 2762 761 2851 post
788 2763 847 2828 issa
873 2763 1065 2851 Pompeium
1089 2761 1130 2824 A.
1159 2763 1315 2827 Gabinius

129 2875 163 2912 sss
185 2845 472 2930 Pamptjotribunus
490 2846 597 2930 plebis
617 2848 665 2912 sic
684 2847 824 2932 excepit.
874 2849 942 2910 Rem
964 2847 1043 2929 plane
1068 2845 1180 2930 dignam
1199 2847 1315 2908 ontibus
1347 2911 1348 2928 ,

130 2927 281 2999 respondet.
314 2929 375 3012 fitis
390 2927 538 3012 PompeJns
547 2929 633 3014 fucit,
656 2934 809 3012 imperium,
848 2925 902 2992 uod
915 2927 1046 3010 effertur,
1066 2927 1230 3010 recusando.
1260 2929 1315 2989 Nee

319 3014 391 3072 enim
410 3009 473 3071 boni
491 3013 548 3071 uiri
566 3011 603 3092 est
622 2949 876 3176 omneslpramisbue
891 3011 1005 3074 battures
1020 3027 1163 3151 appetere5
1184 3032 1235 3072 nec
1251 3028 1314 3093 pru·

290 3119 293 3130 ·
319 3089 429 3166 eleonis,
451 3089 505 3172 uiss
521 3114 552 3154 re
568 3095 654 3176 probe
673 3115 721 3156 tan
732 3093 858 3168 oderam,
880 3113 972 3156 tantae
990 3113 1031 3152 mu
1043 3097 1067 3154 is
1080 3089 1222 3174 fiesciptre
1241 3113 1316 3176 stege·

319 3177 399 3236 rium.
441 3175 536 3258 Igitur
556 3175 626 3240 bunc
644 3197 691 3261 ego
711 3175 820 3258 quidem
835 3179 944 3238 minime
961 3173 1146 3256 reprebendo,
1171 3171 1316 3260 Qiriees:

321 3277 370 3318 nos
387 3257 503 3334 bartor,
534 3277 566 3318 ut
582 3264 676 3342 potius
696 3259 735 3318 ad
751 3277 798 3334 eu,
827 3277 896 3340 quae
912 3255 1019 3339 publice
1030 3254 1101 3339 sum
1116 3255 1220 3334 utilia,
1243 3276 1316 3340 quan

320 3358 390 3420 quae
403 3343 531 3422 gratioso
548 3339 677 3424 Pompejo
689 3339 776 3422 sunt,
798 3339 958 3424 respiciatis.

105 3467 110 3484 ⁹
145 3462 308 3520 mmmm,
382 3445 468 3513 XVI.
491 3445 561 3508 Sane
576 3444 691 3528 indulsst
707 3445 758 3510 tibi
771 3451 882 3530 putria,
910 3447 964 3509 Cn.
980 3445 1110 3527 Pompei,
1133 3464 1179 3519 us,
1203 3443 1316 3528 corfino
1346 3501 1347 3516 ,

129 3535 307 3606 quierlsrrdl-
321 3525 497 3610 Hispanienfi
509 3525 596 3604 bello,
617 3533 738 3613 quietum
755 3528 921 3611 consulatum
939 3549 955 3587 o
973 3549 1048 3597 eres;
1070 3527 1171 3588 deinde
1179 3529 1247 3608 jam
1265 3547 1318 3586 ees·

130 3609 179 3661 tit.
320 3614 391 3670 tium
408 3613 438 3671 in
456 3630 558 3672 austum
576 3632 630 3673 uon
649 3611 796 3674 invidendo
813 3609 872 3694 post
895 3631 937 3672 tot
952 3549 1060 3671 Iobares
1080 3613 1136 3668 otio
1155 3605 1318 3688 reficeretis.

319 3692 374 3752 Sed
395 3707 457 3754 tuat
473 3688 587 3770 vitiffim
602 3697 738 3768 virtutis,
765 3713 877 3774 tuaeque
894 3695 1042 3774 aequitatis
1060 3687 1114 3768 eil,
1147 3710 1182 3752 ut
1200 3709 1260 3752 tam
1279 3689 1322 3750 be·

318 3777 428 3854 tsignom
453 3795 535 3857 atque
562 3775 745 3859 indulgentem
770 3779 892 3857 patriam
919 3779 1022 3835 iterum
1053 3773 1171 3846 audias,
1207 3793 1265 3834 rton
1288 3769 1324 3830 ad

243 3921 247 3928 ⁴
319 3855 487 3920 trustslatitii
507 3855 648 3938 eujusdam
666 3855 731 3920 belli
749 3855 874 3932 labores,
923 3855 1002 3918 uibus
1023 3873 1051 3915 et
1069 3853 1119 3914 alii
1138 3855 1223 3916 multi
1242 3871 1323 3936 pares

318 3935 369 4019 effi
391 3938 517 4022 poffient,
547 3957 731 4012 revocantem
755 3937 809 4024 sed
830 3939 867 4002 ad
888 3877 1060 4001 libesntdum
1073 3935 1153 4022 ferte
1170 3937 1325 4080 papul‘tqm,

285 4181 815 4270 'Qfflfflmffl
