2654 4690
312 235 374 300 ssu
404 189 686 300 rnnrnsnsnn
703 233 1289 304 snrrnnnnrronunmsmv.

153 445 301 572 moazi.
315 443 424 506 Sullae
447 441 555 505 literis
581 455 615 505 et
639 445 921 506 senatusconrulto
942 441 1085 525 acceptis
1139 460 1181 503 ex
1200 441 1305 504 Sicilia

153 514 240 574 Μ·
274 524 548 587 ¹·transmiserat.
598 525 656 588 Cn.
681 525 769 586 enim
787 523 951 588 Domitius
972 484 1213 586 Ahenobarbus
1235 544 1303 607 pro-

315 607 469 690 scriptus,
481 605 570 686 (erat
585 607 673 670 enim
687 607 809 670 Cinnae
819 607 938 690 gener)
952 627 1001 668 ma
1048 627 1064 666 a
1082 605 1131 666 ibi·
1145 626 1244 668 msuu
1258 625 1305 666 co·

313 702 394 760 acta,
410 687 598 773 priusquam
610 687 712 772 magis
727 685 986 762 confirmaretur,
1024 685 1217 749 ebellandus
1233 701 1303 760 erat,

313 790 357 834 ne
375 789 489 853 paoem
506 769 616 834 ltaliae
635 768 801 843 turbaret,
828 769 916 856 quod
934 789 975 832 ex
992 767 1105 832 eadem
1121 767 1305 851 regiones„

313 851 438 916 Marius
457 852 584 914 nonita
626 851 742 925 ridem‚
766 853 864 937 longo
879 851 1060 913 minoribus
1075 851 1180 947 copiis
1199 849 1306 912 instru-

316 947 409 1006 ctus,
431 933 565 996 fecerat.
638 933 805 1018 ompeius,
827 933 963 1008 relicto,
986 933 1042 1017 qui
1064 933 1198 996 Siciliae
1219 951 1307 1017 prae-

317 1013 413 1088 effet,
435 1017 604 1087 Memmio,
628 1016 755 1080 sororis
779 1037 855 1080 suae
878 1017 965 1090 viro,
995 1034 1068 1076 cum
1085 1014 1225 1078 navibus
1245 1015 1309 1075 lon-

317 1095 370 1181 gis
386 1109 515 1158 centum
531 1097 649 1194 viginti
666 1093 794 1178 trajecit
812 1098 941 1184 copias,
964 1093 1177 1181 sequentibus
1199 1117 1309 1158 onera-

317 1177 380 1240 riis
398 1177 615 1262 octingentis,
638 1179 758 1265 quibus
776 1194 990 1262 commeatus,
1012 1199 1116 1254 arma,
1163 1179 1310 1242 ecuniae-

319 1279 403 1344 que,
433 1273 467 1321 et
488 1259 654 1324 machinae
678 1259 899 1346 portabantur.
948 1263 1047 1322 Parte
1073 1261 1121 1322 clu
1149 1283 1178 1322 rs
1204 1261 1310 1322 Uticae

316 1355 450 1426 portum
466 1354 609 1416 tenente,
630 1358 723 1428 parte
739 1343 964 1426 Carthaginem
981 1365 1020 1426 ap
1045 1343 1123 1416 uisu,
1147 1343 1248 1404 simul
1262 1341 1311 1402 ad·

318 1421 384 1484 effe
400 1423 591 1507 Pompejum
609 1425 820 1510 percrebuit,
853 1445 888 1488 se
914 1437 978 1486 tem
999 1365 1042 1486 ai
1061 1445 1134 1486 eum
1152 1423 1259 1490 millia
1275 1423 1309 1484 ab

316 1501 461 1566 hostibus
494 1503 715 1570 desciverunt.
756 1506 829 1592 ipse
856 1449 916 1568 suis
942 1507 1045 1592 signis
1077 1527 1135 1570 aex
1162 1505 1310 1593 legiones

321 1583 434 1672 plenas
458 1585 607 1650 habebat.
1011 1609 1018 1630 ¹

162 1717 310 1776 sensnm
383 1712 468 1776 XIX.
499 1711 565 1776 Sed
585 1711 711 1776 inutilis
735 1709 767 1774 ei
788 1727 850 1796 per
868 1707 992 1794 aliquot
1016 1708 1087 1772 dies
1110 1709 1314 1772 exercitusa

137 1787 296 1874 Q‘im
321 1791 462 1855 ridicule
487 1795 589 1858 causs'a
613 1795 689 1856 fuit.
729 1795 832 1858 Forte
852 1791 990 1853 militum
1010 1791 1139 1876 quidum
1162 1792 1314 1854 defoss'ans

135 1859 307 1940 '¹³¹“!⁶⁰‘·
322 1875 402 1936 olim
423 1876 456 1935 in
475 1897 554 1962 agro
571 1877 743 1962 pecuniam
757 1885 961 1959 repererant.
996 1893 1033 1934 ea
1057 1873 1140 1936 sams
1164 1893 1232 1958 per
1253 1887 1314 1935 tota

136 1937 257 1999 ‘'mm“
321 1955 420 2018 castra
438 1975 653 2042 pervagante,
684 1977 812 2020 omnem
833 1976 902 2018 eam
920 1955 1088 2038 regionem
1106 1957 1240 2040 plenam
1257 1957 1316 2017 elie

317 2037 495 2112 thesauris,
519 2063 616 2124 quum
634 2040 756 2102 Punica
777 2059 832 2100 res
851 2035 1005 2108 floreret,
1027 2037 1246 2110 absconditis,
1270 2038 1315 2098 di-

318 2131 406 2183 ctum
427 2122 522 2182 simul
543 2125 639 2207 vulgo
658 2121 883 2203 creditumque
902 2115 955 2182 est.
988 2119 1067 2186 Indo
1083 2117 1165 2180 nibil
1184 2119 1316 2181 videres

319 2203 429 2278 aliud,
459 2204 524 2264 nisi
555 2203 661 2288 sparsa
687 2224 749 2288 per
774 2221 906 2285 campos
935 2203 1059 2284 agmina
1085 2199 1314 2263 eflodientium

319 2285 568 2370 eruentiumque
595 2285 745 2348 humum:
776 2303 884 2368 neque
913 2281 1029 2344 abduci
1052 2283 1091 2345 ob
1112 2281 1172 2346 bac
1194 2283 1315 2344 insania

319 2367 384 2428 ulia
402 2367 433 2428 vi
453 2384 507 2428 aut
525 2382 594 2430 arte
608 2379 768 2451 poterant.
792 2365 977 2449 complures
992 2365 1036 2428 ita
1054 2363 1124 2428 dies
1141 2365 1313 2449 absumpti,

319 2448 541 2512 circumeunte
566 2448 741 2532 Pompeio,
770 2469 832 2510 nec
854 2460 986 2510 tenente
1007 2447 1123 2522 risum,
1155 2447 1251 2532 quod
1273 2461 1317 2508 tot

318 2531 420 2614 miliia
446 2530 611 2592 bominum
635 2530 840 2594 invertendis
863 2530 973 2612 agris,
1010 2543 1168 2612 tamquam
1192 2531 1249 2592 rei
1271 2549 1317 2590 se·

318 2611 407 2686 riae,
430 2613 619 2676 incumbere
635 2613 801 2676 cernebat.
843 2611 1005 2686 Tandem,
1027 2610 1116 2674 inani
1130 2609 1251 2674 labore
1266 2609 1317 2672 de·

318 2691 466 2778 fatigati,
491 2695 643 2766 dixerunt
659 2693 836 2790 Pompeio,
865 2697 907 2754 uri
921 2695 974 2774 se,
993 2714 1045 2776 quo
1065 2691 1164 2767 veliet,
1188 2695 1317 2754 decern:

312 2775 385 2858 fatis
406 2796 515 2860 magnac
532 2777 563 2859 se
577 2779 715 2856 stultitiae
731 2785 796 2860 juce
814 2794 913 2858 pretias
934 2773 1033 2856 dedtffi

155 2917 292 2974 prun...
381 2901 452 2960 XX.
477 2901 572 2963 Circa
591 2901 715 2963 Uticam
739 2911 878 2985 uterque
899 2899 1061 2962 exercitus
1083 2898 1118 2960 in
1137 2897 1213 2960 acie
1231 2895 1316 2959 aristi·

128 2987 308 3062 Pompeium
321 2981 379 3054 tit,
400 2983 485 3044 valle
503 2995 625 3044 tantum
641 2981 836 3065 interposita
853 2980 965 3066 aspera
984 2995 1017 3044 et
1033 2979 1073 3041 sd
1088 2979 1316 3042 transeundus

127 3057 256 3112 Danista.
321 3063 463 3126 difficili.
507 3064 560 3127 Ob
577 3085 646 3126 eam
661 3085 742 3135 rem,
765 3077 800 3124 et
815 3065 890 3148 quia
904 3078 1019 3126 ventus
1037 3061 1174 3124 imbrem
1195 3061 1316 3124 ferens

320 3167 339 3207 a
359 3146 465 3228 primo
484 3167 578 3209 mane
596 3159 706 3218 ortus,
736 3159 961 3230 ne·provecto
988 3143 1119 3230 quidem
1143 3142 1200 3205 die
1226 3145 1316 3206 celia<

321 3227 393 3301 bat,
424 3229 608 3300 Domitius,
639 3241 706 3288 tum
732 3227 891 3311 temporis
918 3227 1050 3288 minime
1075 3239 1261 3310 pugnatum
1287 3226 1316 3284 in

320 3323 428 3384 retus,
452 3311 580 3394 signum
597 3309 747 3394 receptui
765 3307 866 3372 dedit.
896 3309 988 3370 Hanc
1009 3327 1097 3369 susm
1115 3309 1316 3378 occasiones

320 3391 498 3477 Pompejus
542 3391 673 3453 rudenti
695 3389 833 3453 consilio
855 3405 961 3464 ratus,
993 3388 1148 3452 continuo
1168 3389 1316 3451 transdu

320 3475 369 3536 xit
394 3495 489 3547 suos,
518 3413 728 3560 Hostibusque
750 3473 978 3614 incomEositis
1007 3485 1040 3534 et
1060 3469 1211 3550 disjectis
1234 3471 1315 3532 inou

320 3553 399 3620 buit.
423 3567 454 3618 at
473 3555 522 3616 iltt
540 3569 639 3619 vento
681 3576 789 3640 uoque
807 3568 860 3616 tur
884 3553 1035 3626 abantur,
1081 3553 1134 3626 ui,
1158 3554 1315 3636 compuli

320 3637 355 3697 in
374 3657 430 3698 ora
450 3636 629 3722 oculosque
646 3577 774 3722 piaris,
797 3635 1005 3719 conspectum
1024 3573 1239 3720 suinumque
1261 3633 1315 3698 adi

320 3720 438 3781 ruebat.
481 3722 550 3781 Nec
567 3741 606 3782 ex
632 3741 686 3782 ers
704 3717 798 3799 hujus
817 3716 1015 3782 incommodi
1026 3717 1106 3778 Pom
1134 3717 1252 3798 ejanus
1276 3737 1315 3777 ex

285 3807 291 3818 '
319 3803 442 3864 ercitus
464 3815 552 3864 erat:
589 3744 736 3887 uisoque
759 3800 824 3861 dux
849 3800 922 3890 ipse
948 3817 1062 3886 parum
1127 3797 1211 3872 suit,
1248 3799 1310 3895 qui

1191 3895 1315 3944 occa-¹

316 4065 423 4194 ΡΙΟέΡι
443 4069 550 4130 XVIII.
579 4071 666 4127 οἵω·
682 4065 715 4140 ὅ,
735 4072 780 4142 ῧ4ο
806 4065 885 4130 pluis
929 4071 1004 4146 cap·
1026 4071 1090 4128 xx·
1117 4067 1207 4128 οἳοῖ·
1227 4071 1272 4139 ⁵0
1296 4087 1313 4128 2

352 4155 395 4194 u.
