2702 4694
220 233 267 306 ill
285 235 438 304 metm
461 235 544 304 Lm.
567 235 664 306 CVM.
685 235 801 308 mvn.
966 232 1029 317 577

31 365 1019 402 mm

35 457 103 508 tum
120 443 260 510 dictator
276 449 414 516 Lanuvii
429 449 522 512 Milo.
572 453 675 514 Forte
700 469 762 533 per
786 448 873 512 idem
896 461 1026 530 tempus
1058 447 1094 506 U.
1111 463 1214 518 cnm.

37 527 75 588 Ρ.
95 527 226 590 Clodius
249 529 381 592 Ariciae
410 531 528 596 luerat.
571 532 676 618 igitur
701 527 857 615 pollridie
885 529 1025 600 lactum,
1057 519 1198 578 A·0·⁶¹·

35 622 73 670 ut
91 609 125 676 in
143 611 247 752 Appia
266 612 317 672 via
339 613 448 694 paullo
469 614 554 676 ultra
570 611 950 692 Bovilleaxinimicillimi
967 609 1028 672 lto·

38 692 140 754 mines
162 691 191 752 si
216 691 227 752 i
250 710 481 758 occurrerent:
514 697 688 780 exitusque
711 694 766 758 hio
793 694 843 756 rei
869 691 950 766 luit,
981 704 1029 766 ut,

30 793 143 870 pugna
161 771 293 846 oborta,
317 777 484 858 perculsus
506 797 522 838 a
545 777 726 860 gladiatore
743 776 879 840 Milonis
895 770 1031 835 Clodius

38 875 71 916 tn
92 854 251 915 tabernam
271 856 451 938 proximam
469 858 710 942 deportaretur.
752 860 826 920 Hoc
848 857 904 918 ubi
927 854 1032 930 resci-

38 937 87 1000 vit
103 937 196 1008 Milo,
221 935 424 1000 subeundum
445 960 549 1023 acque
568 940 730 1004 vulnerati
750 939 911 1012 hominia,
935 950 1032 1020 atque

39 1017 157 1091 occisi,
188 1015 345 1098 judicium
364 1022 528 1102 cogitans,
558 1021 597 1084 ad
622 1022 686 1086 hoc
710 1023 743 1084 in
770 1042 898 1096 omnem
923 1038 1034 1080 casum

40 1121 81 1162 eu
100 1100 223 1164 inimici
246 1113 352 1162 morte
369 1103 523 1164 solatium
544 1103 733 1177 habiturus,
763 1103 920 1174 accurrit,
945 1101 1034 1161 erui·

40 1203 103 1278 que
116 1180 263 1253 ¹Clodium
282 1196 377 1267 atque
395 1179 536 1269 jugulari
551 1183 649 1268 julllt.
691 1187 761 1250 Hae
778 1205 815 1246 re
858 1195 959 1256 atrata
976 1178 1034 1242 tta-

38 1279 98 1326 ttm
119 1263 303 1326 manumisit
323 1285 458 1340 servos,
494 1287 535 1328 ne
557 1267 718 1352 praebere
738 1287 819 1352 quae
847 1265 915 1327 ioni
936 1281 1035 1407 cope-
1097 1337 1103 1340 ,

40 1362 147 1409 retur:
176 1349 250 1431 ipse
272 1349 451 1432 praemium
472 1347 556 1417 bene
576 1349 722 1424 meritis,
744 1349 812 1414 rita
832 1345 956 1414 domini
999 1363 1034 1408 e·
1076 1365 1082 1376 ·

38 1429 148 1504 fenea,
169 1429 305 1492 inimico
325 1429 470 1508 sublato,
494 1431 602 1494 datum
618 1429 841 1496 adseverabat.
914 1443 931 1498 Γ

100 1564 183 1626 Xlll.
207 1561 274 1626 Sed
298 1561 437 1626 cadaver
461 1563 630 1626 interlecti
653 1563 804 1626 relictum
829 1565 862 1626 in
885 1563 938 1626 via
957 1563 1032 1626 Sex.
1067 1571 1219 1644 Mamer·
1271 1593 1279 1606 ·

39 1643 163 1707 Tedius
184 1642 333 1722 senator,
356 1645 444 1708 forte
460 1667 545 1708 rure
557 1646 709 1719 rediens,
733 1647 870 1708 lecticae
885 1665 962 1708 suae
975 1647 1036 1707 im·
1048 1645 1106 1700 lm
1119 1644 1208 1716 vviri·
1270 1647 1273 1654 '

38 1727 166 1810 posuit,
195 1729 396 1813 Romamque
421 1727 658 1814 deportandum
683 1729 818 1790 curavit.
862 1728 947 1790 Ante
966 1728 1037 1812 pri-

38 1829 123 1870 mam
149 1809 257 1874 noctis
285 1809 396 1872 horam
425 1811 587 1896 perlatum
611 1809 645 1872 in
666 1810 751 1872 atrio
772 1810 906 1883 domus,
964 1830 1038 1874 uum

38 1891 152 1975 paucis
176 1905 251 1954 ante
276 1893 443 1954 mensibus
469 1893 510 1954 de
533 1897 578 1953 M.
595 1893 720 1956 Scauro
743 1893 835 1954 sitam
860 1892 893 1952 in
911 1829 1038 1953 Pidatio

40 1987 183 2047 emerat,
206 1993 289 2036 uxor
307 1974 422 2036 Fulvia
436 1971 585 2037 constitui
602 1973 706 2057 jullit3
730 1971 895 2057 liatimque
912 1970 1040 2034 infinita

38 2056 231 2130 multitudo,
248 2049 426 2119 *servorum
444 2052 622 2142 praecipue
642 2071 675 2120 et
692 2053 820 2118 infimae
836 2055 961 2139 plebis,
983 2053 1040 2116 cui

38 2137 155 2220 generi
172 2151 311 2223 propter
328 2157 471 2218 amorem
487 2137 683 2202 seditionum
702 2137 881 2202 catillimus
897 2137 954 2198 ille
965 2135 1040 2198 lue·
1057 2209 1059 2216 Ι

38 2233 111 2291 rot.
133 2240 288 2284 moerens
309 2220 491 2305 lugensque
512 2219 733 2284 circumstetit.
778 2218 846 2284 Sed
864 2232 898 2282 et
915 2217 1040 2301 integri

39 2300 298 2377 alacrioribus.
324 2323 516 2387 quamquam
539 2302 677 2366 odillent
696 2300 862 2376 Clodium,
892 2300 1042 2362 humani·

39 2383 117 2448 tatia
136 2385 273 2457 intuitu,
303 2398 338 2446 et
356 2383 461 2447 ollitas
477 2385 710 2448 lamentatione
728 2383 883 2455 Fuluiae,
905 2383 1043 2470 vulnera

38 2464 207 2532 invidiose
228 2463 435 2540 ostentantis,
456 2465 680 2533 monebantur.
713 2477 746 2530 et
765 2468 877 2536 erant,
928 2464 961 2525 ui
980 2482 1043 2547 per

36 2545 125 2612 hane
143 2547 278 2612 cauffant
292 2547 449 2612 Milonem
465 2567 615 2634 quoque,
645 2547 731 2610 haud
748 2545 855 2608 minus
872 2558 926 2608 tur
949 2545 1044 2606 ulen-
1088 2605 1091 2614 ,

36 2645 110 2692 tum
127 2631 244 2702 civem,
264 2629 431 2716 exturbgri
445 2629 535 2713 polle
552 2643 733 2713 operarent.
755 2626 930 2700 Postridie,
944 2645 1044 2711 quum

35 2710 176 2776 vixdum
194 2713 339 2786 luceret,
363 2711 466 2790 major
483 2711 599 2774 codem
619 2729 799 2788 concursus
817 2709 897 2783 suit,
920 2721 955 2770 ut
971 2707 1052 2770 noti*

35 2793 214 2940 hpppines,
245 2807 279 2858 et
294 2793 381 2858 inter
399 2791 461 2858 hou
478 2794 515 2858 C·
534 2793 694 2862 Vibienus
710 2804 862 2866 senator,
892 2791 927 2854 in
946 2788 1042 2852 turba

36 2897 86 2938 er
112 2891 261 2940 crentur.

38 3091 46 3104 ·
100 2976 205 3088 ΧΠ.
229 3005 285 3072 Sic
305 3007 465 3072 adiectam
482 3029 553 3073 rent
571 3007 695 3072 tribuni
713 2959 822 3094 plebis
842 3005 882 3104 Q.
899 3009 1042 3104 Pompe·
1073 3007 1230 3066 ciuiliter·
1251 3079 1254 3082 ¹

33 3111 104 3174 jus,
127 3093 168 3152 T.
185 3090 326 3154 Plancus
346 3093 445 3165 nacti,
469 3113 566 3176 quum
585 3105 618 3155 et
633 3091 698 3176 ipsi
715 3091 871 3152 Milonem
891 3089 1040 3162 odill'ent,
1053 3080 1226 3152 Wlwf‘

33 3173 72 3235 in
89 3171 203 3236 Clodii
221 3173 352 3236 domum
372 3189 595 3236 accurrerunt.
628 3173 746 3237 horum
772 3185 953 3257 conspectu
974 3191 1041 3232 ma·
1056 3149 1251 3216 H⁰st⁶¹¹⁸⁸‘'⁶·'

32 3255 92 3339 gis
114 3255 272 3319 incitatur
290 3255 457 3318 temeritas
475 3255 584 3339 vulgi:
613 3256 795 3342 corripitur
812 3269 971 3340 mortuus,
996 3267 1040 3328 et,
1053 3236 1080 3274 '¹

30 3337 88 3400 uti
113 3337 224 3401 nudus
251 3335 396 3401 inlecto
420 3335 563 3414 iacebat,
592 3349 627 3400 ut
647 3338 797 3420 conspici
816 3339 950 3399 vulnera
967 3355 1046 3432 pos·
1083 3351 1093 3370 ⁸

33 3433 138 3492 sent,
174 3417 325 3482 defertur
350 3419 384 3482 in
410 3417 539 3485 lorum.
576 3429 610 3480 et
637 3419 670 3480 in
696 3417 810 3485 rollria'
835 3430 1045 3501 proponitur.

30 3503 186 3564 Plancus
209 3515 242 3564 et
256 3501 434 3586 Pompeius
454 3501 489 3562 in
502 3501 658 3564 Milonem
674 3501 926 3564 concionantur:
949 3497 1044 3570 nihil,

58 3582 134 3646 nod
163 3581 204 3645 ad
230 3584 453 3648 concitandum
481 3582 636 3646 invidiam
662 3581 1048 3669 commiserationemquc

29 3603 114 3728 lieri
127 3663 245 3750 potest,
256 3665 539 3748 praetermittitur.
562 3665 624 3726 His
638 3685 735 3749 quum
749 3666 832 3726 ultre
845 3661 976 3724 solitum
986 3662 1047 3722 int-

30 3747 175 3836 peritae
192 3745 410 3812 multitudinis
428 3746 609 3832 indignatio
628 3745 811 3822 exarsiss‘et,
836 3745 912 3810 Sex.
929 3739 1047 3808 clodio

1081 3231 1158 3276 mh

67 3937 115 3993 Ca
144 3936 235 3991 .XK.
261 3934 371 3994 Areon.
395 3934 525 4008 Appiae.
542 3935 613 3994 Dio.
632 3934 741 3992 Areon.
760 3932 830 3990 Dio.
850 3927 1045 4012 decom-Cim
1067 3911 1081 3994 ’,

31 4024 94 4080 pro
151 4003 186 4061 'l.
204 4021 291 4078 capp.
309 4025 352 4062 ar.
371 4016 401 4062 et
419 4025 463 4060 aa.
501 4007 573 4076 cap.
593 4006 668 4062 xxt.
694 4002 803 4059 Aaron.
823 4001 952 4074 Appian.
973 4001 1044 4082 Dpo.

31 4077 154 4134 Ancon.
172 4073 245 4129 Dio.
263 4075 373 4130 moon.
409 4073 481 4146 Cap.
499 4077 589 4134 xxti.
607 4077 676 4132 Dio.
696 4074 806 4132 Atcotn
825 4069 955 4151 Appiae.
973 4071 1044 4142 Dte.

32 4147 152 4202 ‘scona
174 4141 240 4200 cies
257 4160 316 4216 pro
328 4139 397 4204 ‚Mus
416 4159 443 4198 ῧι
457 4143 504 4204 aaa
599 4204 604 4212 ι
942 4160 947 4172 ’
989 4170 993 4178 ”

185 4267 192 4276 ’
293 4309 305 4359 t
