2654 4690
197 281 411 382 tntuocuu
430 285 511 348 cm.
532 285 706 350 cxxxvi.
727 286 838 355 unu
963 285 1022 352 na

42 491 170 560 cumina,
194 511 288 553 more
306 493 463 566 Persico,
486 491 573 576 ligna
594 490 662 552 auia
684 489 831 551 manibus
851 490 943 552 allata
963 491 1019 553 de·
1048 491 1190 560 ilc-67⁰.

42 573 130 655 ponit.
152 585 220 634 tum
238 574 383 636 certatim
399 573 437 634 ab
452 573 525 634 aliia
543 569 678 654 adgella,
699 570 862 655 postquam
877 571 911 631 in
924 593 1018 656 quam
1048 562 1082 646 ⁸:
1094 561 1191 642 ΜΦ,

41 655 196 714 maximum
217 653 372 738 lalligium
391 667 623 721 excreverunt,
646 653 707 713 alia
724 654 846 722 circum
864 651 1016 719 humilio·
1033 625 1224 754 εξζζὲᾗζᾝξ

41 733 164 796 rillrue
186 733 363 798 firmantur.
404 739 439 798 ln
462 755 586 796 summo
607 753 690 817 rogo
712 753 784 798 eum
804 735 901 796 melle
924 749 956 796 et
975 737 1019 797 la·
1033 771 1116 822 m·
1174 794 1177 800 .

42 831 83 877 cte
100 817 209 877 vinum
228 819 400 901 oleumque
420 833 454 880 et
472 817 603 901 generis
623 817 728 878 omnia
748 815 867 878 odorca
884 815 1022 914 largiter

41 897 257 959 adsunduntur.
281 900 380 962 altera
423 921 495 980 yra,
528 919 622 984 quam
644 895 850 959 humiliorem
872 893 948 960 [laun
972 899 1022 960 di-

42 979 141 1052 ximus,
157 1000 291 1042 coenam
330 923 530 1044 raeldutihue
547 992 687 1062 paratam
699 975 849 1041 sustinet:
873 1001 933 1062 qua
946 1001 1023 1077 pet·-

43 1074 115 1132 acta,
137 1063 225 1144 ignia
248 1001 408 1124 subditur.
451 1061 529 1122 lude
571 1073 685 1143 ropter
704 1060 830 1144 copiam
848 1073 1022 1137 maternae,

42 1141 157 1226 locique
181 1141 384 1204 altitudinem
406 1156 527 1203 tantum
547 1081 745 1203 damaratum
766 1141 902 1216 emieat,
932 1157 967 1206 ut
983 1143 1024 1206 ad

42 1237 157 1284 centum
181 1239 214 1286 et
237 1225 371 1307 triginta
391 1224 496 1285 >millia
545 1223 664 1286 affuum
685 1223 872 1285 incendium
892 1225 1023 1310 conspi-

42 1305 148 1366 ciatur:
181 1325 289 1388 neque
317 1321 455 1390 propter
484 1247 611 1367 ardoris
639 1303 828 1366 violentiam
853 1303 1024 1392 quisquam

41 1405 73 1446 eo
90 1385 247 1448 accedere
269 1407 329 1471 per
349 1385 419 1450 dica
443 1385 566 1470 aliquot
586 1383 751 1469 proximos
773 1385 880 1470 pellit.

89 1493 174 1552 XIX.
197 1491 233 1553 ld
252 1513 377 1554 oacrum
390 1491 562 1554 Persarum
581 1490 658 1554 olim
678 1511 775 1572 reges
790 1489 1021 1554 faciehantPa·
1050 1489 1219 1574 ΜΨ·

40 1572 183 1666 largadis.
215 1571 292 1672 inde
311 1573 440 1636 transiit
461 1573 784 1715 iipsffimgelffi
802 1571 1023 1718 laepeapletdiggptip
1035 1560 1154 1682 ww
1170 1576 1214 1630 Ε’-

41 1674 102 1797 lldd
112 1656 452 1822 'alileirirdmueliindpiteo
478 1676 678 1802 tilmridatis
706 1673 858 1829 debilitas
889 1751 922 1798 ot
948 1701 1025 1822 pare

39 1817 184 1894 majorum
206 1833 441 1904 cognoscatur,
472 1817 609 1880 brevem
635 1829 742 1900 gentas
764 1835 833 1898 eruo
853 1820 1022 1904 recciario-

40 1920 104 1960 nem
122 1901 328 1964 subnectere.

89 2007 158 2067 XX.
188 2007 407 2081 Mithridatia,
430 2008 487 2092 qui
508 2022 571 2070 tam
590 2005 645 2068 diu
664 2005 798 2070 bellavit
816 2025 889 2070 cum
905 2011 1023 2072 Roma-

40 2089 98 2160 nis,
121 2087 239 2150 eodem
255 2091 387 2150 nomine
406 2103 499 2187 pater
517 2089 598 2162 suit,
623 2091 806 2172 Euergetes
825 2109 1025 2174 cognomen·

40 2185 86 2230 to:
114 2168 155 2232 de
176 2191 241 2254 quo
262 2171 330 2232 auia
350 2172 434 2233 locro
454 2169 609 2256 quaedam
628 2172 888 2234 memoravimus.
917 2173 1024 2235 ¹Anto

39 2249 114 2314 hunc
130 2253 281 2335 regnavit
297 2251 493 2324 Pharnaces,
519 2253 751 2336 Sinopensium
764 2250 918 2325 domitor,
941 2275 1024 2338 quoa

38 2348 142 2394 contra
191 2347 294 2396 atrem
318 2335 387 2414 ojus
409 2333 629 2396 Mithridatem
649 2333 770 2396 Rhodii
796 2332 1023 2400 defenderant.

38 2417 73 2476 At
96 2415 175 2478 Ario
200 2435 334 2478 arcanea
363 2411 520 2477 Amastrin
551 2414 694 2494 adjunxit
724 2437 847 2500 regno,
880 2417 1024 2485 nobilem

37 2496 160 2576 urbem3
186 2497 290 2582 patris
305 2495 501 2559 Mithridatio
522 2497 637 2580 opibus
657 2497 803 2570 validus,
825 2500 880 2582 qui
901 2501 1025 2592 Cappa·

38 2576 154 2639 dociam
173 2592 207 2640 et
219 2577 469 2662 Paphlagoniam
487 2581 579 2647 annia
598 2601 654 2642 aex
671 2594 703 2640 et
721 2581 854 2664 triginta
875 2580 1025 2643 obtinue-

37 2673 96 2730 rat,
126 2661 220 2722 valde
242 2661 345 2722 auctis
369 2659 495 2745 paterni
520 2661 614 2743 regni
635 2661 772 2722 virihua.
814 2663 913 2722 Pater
938 2663 1023 2723 enim
1053 2683 1225 2741 mmmm-5

37 2739 98 2818 eiua
116 2739 322 2804 Mithridates
342 2739 501 2826 angustius
520 2741 709 2839 imperavit,
734 2741 942 2826 praevalente
958 2747 1023 2804 Ma·
1039 2755 1222 2822 oeistutrr'fia.

38 2821 364 2907 cedonumpotentia.
406 2827 484 2886 Nam
506 2825 701 2908 Antigonum
724 2821 842 2884 sectari
863 2827 1024 2888 necellirm
1037 2825 1096 2880 ria·

36 2899 158 2978 hahuit,
183 2925 224 2966 ex
240 2903 415 2966 Alexandri
430 2909 480 2966 Ma
504 2905 538 2966 ni
561 2905 644 2967 duce
663 2903 915 2986 potentillimum
928 2907 1027 2970 Asiae

37 3005 159 3067 regem:
183 3009 202 3046 a
224 3006 289 3070 quo
308 2986 404 3048 etiam
424 2925 531 3051 tuition
552 2987 695 3062 occisus,
718 2983 783 3048 uiai
801 2983 877 3069 suga
899 3007 1026 3052 servae·
1110 3045 1112 3050 .

38 3081 80 3128 oet
101 3067 250 3132 salutem.

90 3191 176 3254 xxt.
209 3191 433 3254 somniaverat
451 3193 654 3276 Antigonus,
688 3189 768 3270 (rea
791 3190 878 3253 enim
900 3189 944 3257 att
964 3213 1029 3256 nou

35 3269 161 3355 indigna
185 3273 307 3352 relatu)
334 3293 369 3336 oe
389 3295 506 3356 *agrum
530 3296 609 3336 auro
630 3274 825 3352 conserere3
857 3274 1028 3336 Mithrida·

33 3366 91 3413 tem
109 3375 193 3417 vero
214 3353 388 3416 demell'um
408 3377 521 3418 aurum
542 3357 706 3440 asportare
727 3356 762 3415 in
779 3357 929 3417 Pontum.
965 3359 1027 3418 La.
1134 3389 1140 3401 ι

10 3483 11 3488 ,
33 3432 120 3496 horat
140 3435 209 3498 hoe
228 3437 323 3498 etiam
344 3437 485 3520 insaniae
507 3458 628 3522 genere
650 3435 820 3498 humanum
840 3437 1024 3521 ingenium,

32 3531 62 3577 ut
79 3531 112 3578 et
129 3517 393 3601 praedictionum
411 3517 523 3584 harum
545 3533 643 3581 ratam
664 3519 727 3580 cll'e
747 3515 843 3580 tidem
859 3533 969 3602 putet,
993 3533 1027 3584 et

31 3597 128 3659 nihilo
149 3599 263 3661 aeciua
281 3619 427 3682 pugnare
447 3620 517 3662 cum
536 3602 604 3663 sato
623 3614 768 3664 conetur.
809 3600 914 3682 Igitur
931 3603 1026 3664 Anti·

9 3719 10 3722 =
32 3699 149 3761 genua,
184 3679 364 3742 tollendum
387 3681 428 3744 de
448 3683 556 3746 medio
576 3681 795 3744 Mithridatem
816 3695 923 3758 ratus,
954 3703 1025 3746 rem

33 3775 124 3824 totam
143 3763 321 3824 Demetrio
346 3763 491 3848 aperuit,
521 3763 590 3827 lilio
613 3783 684 3826 cuo.
726 3764 834 3848 Atque
856 3765 932 3839 illa,
961 3765 1022 3826 mi·

9 3899 11 4012 l
60 3953 131 4026 Cap.
145 3927 260 4006 xvln'.
281 3949 399 4016 Strabo,
417 3949 439 4004 l.
456 3949 497 4008 15.
513 3951 614 4023 pardo.
634 3946 777 4003 Herodot.
791 3973 817 4020 1,
828 3951 872 4007 31.
892 3943 1018 4074 Appiam
1094 3919 1097 3928 Ι

9 4019 11 4082 ζ
35 4019 97 4094 Cap.
109 4021 178 4078 XX.
203 4019 323 4088 Strabo,
339 4017 358 4072 l.
371 4036 415 4074 ro.
429 4038 464 4142 p.
477 4025 538 4088 477.
559 4019 678 4100 Strahp,
697 4017 717 4070 l.
735 4035 776 4074 ra.
792 4037 822 4092 p.
835 4021 894 4086 545.
939 4019 1041 4092 olyh.=

9 4085 11 4164 l
36 4093 109 4154 hhfi·
135 4093 293 4147 memnon.
312 4105 327 4142 a
349 4087 428 4143 udP
449 4097 488 4142 ot.
510 4107 536 4144 c.
555 4106 595 4150 ¹7·
623 4084 747 4166 Diodor.
764 4087 910 4146 taum.
946 4088 1020 4162 Cap.

9 4169 11 4234 ξ
36 4159 99 4216 m.
120 4155 256 4233 Appian-
276 4157 318 4212 ott
351 4153 409 4213 rid.
426 4168 455 4214 et
469 4157 545 4214 Plut.
562 4159 692 4213 Demetr.
709 4171 736 4210 e.
754 4157 782 4214 5.

9 4283 12 4456 l
