2680 4690
48 293 946 390 nunsusurrnuuvn.ruuocuucnutvu.
967 337 1028 406 aa,

46 529 95 595 tiit.
120 528 180 592 ¹aod
197 527 335 613 aequior
351 524 511 608 Pompeio
529 541 601 585 sora
619 521 699 585 tuit:
729 535 779 598 et,
802 539 936 612 accepto
953 526 1025 592 rut·
1051 525 1088 586 U.
1117 565 1126 586 .
1187 566 1196 584 .

45 631 128 686 uere,
150 631 278 672 manum
295 605 393 670 bestie
409 606 594 704 apnputarit.
637 607 698 677 At,
721 606 830 670 anniti·
846 605 971 704 ineam
988 625 1024 670 ae
1053 597 1091 655 Α·
1128 633 1137 653 ·
1186 631 1194 651 ·

46 693 239 789 incitantibus
248 703 378 788 ,quana
393 702 488 750 etiarn
507 684 589 748 basta
603 687 638 746 in
655 685 782 749 feruore
799 701 944 772 gravator
958 691 1043 751 lae·'

45 775 86 917 st
103 767 936 939 ³ttttf'ffttttttttittt‘tttttttt'ntti
951 791 1030 914 iii}

44 951 141 1022 captus
162 937 202 998 ub
218 937 308 998 Atria
327 933 439 996 divitia
458 931 599 1017 praedae
619 929 749 1013 objectu
768 934 960 998 altercantes
978 935 1028 995 in-

43 1033 84 1114 tur
102 1018 316 1161 aadbplrbaroa
338 1037 355 1078 a
378 1013 604 1101 persequendo
624 1015 765 1096 retinet,
794 1013 951 1102 effugium
968 1015 1028 1080 do·

44 1121 117 1162 nuno
165 1111 244 1162 ert.
1002 1123 1009 1130 ·

91 1209 145 1270 tlt.
172 1205 260 1268 Dum
277 1203 340 1268 bor
359 1223 478 1282 cornu,
508 1202 542 1266 in
559 1223 624 1290 quo
637 1205 814 1290 Pompeius
834 1221 1023 1281 curaverat,
1054 1209 1211 1282 tortusu-

44 1289 190 1362 riucitur,
221 1287 358 1350 viciffirn
380 1286 433 1356 bi,
462 1307 478 1346 a
499 1286 615 1370 quibua
630 1287 800 1350 Sertoriua
818 1281 1214 1363 diaconarat,tmrr·d⁸'¹·

44 1371 74 1431 ab
86 1369 223 1434 Afranio
237 1381 409 1431 vertuntur
425 1367 459 1430 in
478 1367 605 1452 sugam:
628 1368 710 1432 adeo
728 1369 891 1452 perculsis
909 1371 1026 1432 meuti-

44 1452 109 1522 bua,
138 1463 234 1514 utne
254 1448 350 1514 castra
373 1447 504 1536 quidem
525 1447 759 1523 defenderent,
792 1450 963 1534 quominua
986 1451 1026 1514 ab

44 1534 236 1604 Afraniania,
266 1531 382 1596 eodem
401 1532 523 1615 impetu
543 1530 702 1594 victoriae
720 1533 1025 1616 perrumpentibua,
1138 1595 1141 1600 ,

44 1614 274 1698 diriperentur:
300 1609 416 1676 frutra
441 1625 571 1676 vetante
594 1613 722 1696 legato,
753 1613 846 1698 quia,
877 1613 1026 1708 Pompeji

43 1696 161 1758 fortuna
179 1695 284 1780 qualia
302 1693 428 1764 suiffet,
451 1691 678 1790 ignor-abutum
701 1695 776 1778 quia
794 1693 950 1758 tenebrae
964 1716 1027 1773 pam

43 1779 222 1842 oborientur
247 1777 394 1840 obtentui
417 1773 682 1860 delinquentibus
705 1789 807 1840 erant.
851 1775 918 1838 Sed
934 1795 1026 1839 acer·
1137 1787 1139 1792 '

44 1859 103 1922 baur
126 1861 178 1922 eia
201 1857 353 1942 praedam
372 1857 541 1920 Sertoriua
565 1853 695 1936 edocit,
727 1859 803 1944 qui,
832 1857 1026 1924 reversuaa
1205 1857 1210 1864 ’

41 1937 278 2026 persequendo,
304 1931 408 2000 batim
434 1937 568 2002 adortua
593 1936 643 2004 est
654 1939 784 2004 Afranii
807 1939 950 2002 turbatae
975 1941 1026 2002 iu.

41 2023 304 2166 ffinl'mdm’ssuit
316 2021 489 2095 cohorter,
520 2033 554 2084 et
570 2039 684 2106 magna
705 2041 778 2084 oum
796 2020 896 2086 caede
915 2042 954 2084 ox
972 2043 1026 2086 ca·

63 2128 102 2168 na
119 2126 189 2166 aura
208 2124 315 2184 eJecr.

91 2211 146 2274 tv.
175 2209 283 2293 Quum
299 2210 344 2272 ita
360 2207 532 2272 diaoeffuut
551 2209 648 2283 ciret,
676 2222 729 2283 ut,
757 2208 841 2274 suuis
860 2209 1024 2296 utrimque
1054 2205 1175 2264 &mvii

41 2292 168 2376 singulis
183 2291 350 2363 cornibua,
375 2290 490 2354 damno
510 2311 640 2377 quoque
658 2311 724 2353 non
740 2293 835 2356 ratde
851 2293 1024 2376 inaequali,
1036 2293 1088 2330 '⁰³‘
1104 2277 1137 2330 δ’
1148 2275 1207 2332 Μ’·

41 2374 160 2451 (decem
173 2373 275 2435 miliia
288 2371 479 2456 Pompejua,
502 2373 585 2436 baud
602 2373 705 2435 multo
723 2376 895 2457 pauciorea
911 2377 1024 2443 Serto-
1037 2344 1212 2468 'diram'

41 2457 115 2530 riua,
138 2454 421 2534 desideraverant)
441 2454 483 2536 de
502 2454 639 2516 victoria
657 2455 765 2518 neutri
785 2428 1108 2535 concederent3m'

39 2537 204 2620 postridie,
228 2537 322 2598 simul
344 2535 467 2610 illuxit,
490 2538 608 2598 iterum
628 2535 738 2598 educti
757 2551 831 2602 aunt
849 2539 1025 2614 exercitus,

40 2621 258 2703 proeliumque
275 2641 289 2682 a
315 2618 475 2680 orabatur.
520 2615 603 2690 Sed,
624 2617 865 2704 propinquante
880 2621 1024 2694 Metella,

21 2741 26 2748 ·
42 2703 200 2764 Sertorius
220 2641 332 2764 dixido
348 2699 471 2762 fertur:
502 2697 567 2782 ΝξήΙ
582 2717 651 2760 artus
667 2697 948 2841 istudsuperveuq'ffer,
979 2721 1027 2782 ege

41 2782 230 2864 inrupturum
247 2782 403 2842 uerberibus
420 2779 575 2860 castigarum
591 2779 702 2840 Romam
739 2779 879 2860 irnisr'ffem.
922 2779 1026 2842 ldcir-

40 2883 91 2936 eo,
116 2885 189 2926 enm
211 2863 337 2926 duobua
359 2861 518 2948 congredi
539 2861 674 2934 nolana,
704 2861 829 2926 dimiait
850 2883 945 2936 auos,
968 2861 1025 2926 ad.

39 2947 190 3020 monitos,
210 2965 307 3030 quern
327 2944 360 3006 in
377 2944 485 3006 lotum
507 2943 684 3006 convenire
702 2943 813 3008 vellet.
856 2947 923 3007 an
937 2947 1025 3008 enim

40 3025 77 3088 ita
94 3027 209 3090 dudum
229 3025 461 3099 adsuefecerat,
484 3039 520 3088 ut
536 3024 576 3086 ad
592 3023 684 3086 duoia
702 3026 873 3110 imperium
894 3025 1025 3088 difflue-

39 3126 122 3180 rent,
143 3125 197 3172 aut
214 3107 464 3192 colligerentur:
487 3119 519 3170 et
539 3105 626 3192 ipse,
651 3127 737 3170 nuno
757 3109 844 3171 uolua
862 3127 922 3192 per
941 3109 1027 3182 toea,

40 3211 113 3328 puae
134 3189 279 3276 rugando
295 3187 509 3274 venandoquo
528 3187 569 3250 de
586 3185 738 3250 indussria
757 3211 929 3274 pererrare
946 3210 1025 3252 con.

53 3287 198 3346 uouerat,
219 3271 401 3357 palaretur;
424 3291 508 3333 nunc
528 3283 657 3338 centum
675 3271 905 3357 quinquaginta
925 3271 1024 3334 milti-

37 3351 93 3415 bua
111 3369 306 3418 armatorum
324 3349 455 3436 ssiputua
476 3349 656 3414 incederet.

92 3479 129 3542 V.
163 3479 206 3538 At
222 3474 417 3558 Pompeius,
445 3473 580 3536 Metello
597 3473 743 3536 venienti
758 3474 895 3538 bonoria
910 3495 1025 3538 causae

38 3557 158 3620 obviarn
194 3577 325 3642 ergone,
346 3555 402 3618 ubi
419 3557 453 3618 in
471 3553 644 3639 conspectu
662 3555 734 3628 fuit,
758 3557 903 3620 submitti
920 3555 1025 3622 fascea

39 3581 232 3703 attuaribur
251 3639 330 3712 auia,
353 3654 388 3702 ut
405 3639 439 3699 di
465 3639 564 3700 nitate
583 3637 759 3722 auperiori,
781 3637 875 3717 juffit.
907 3641 1026 3701 Metel·

39 3719 210 3806 iua'ueque
233 3721 265 3782 id
287 3719 392 3805 patius
411 3657 566 3794 eddon,
604 3739 711 3803 neque
730 3719 794 3779 ulia
815 3720 848 3779 in
870 3741 908 3784 re
929 3721 1025 3804 quid-

39 3821 125 3942 quam
140 3803 307 3887 usurpavit
308 3801 504 3944 1praecipui,
526 3801 591 3864 nisi
606 3799 711 3886 quod,
736 3800 864 3883 quoties
879 3823 940 3863 una
955 3815 1028 3864 ten·

60 3884 166 3959 ebant,
188 3886 341 3949 univero
361 3883 520 3946 exercitui
535 3885 663 3970 rignum
679 3880 719 3943 ab
737 3903 801 3944 uno
816 3886 951 3946 Metello
970 3883 1026 3945 da·

72 4071 138 4144 cap.
156 4075 194 4130 11.
223 4069 352 4196 Appiae.
375 4071 454 4156 plut.
479 4069 593 4156 §erton
637 4071 709 4144 cap.
732 4069 783 4124 ΠΙ.
812 4067 923 4124 Sallust.
946 4037 1026 4150 utut,

41 4139 171 4269 {zita
188 4143 329 4284 itui
348 4141 620 4288 tentate·
642 4139 719 4197 ΡΜ·
738 4139 843 4212 ¹³⁰¹''¹'·
862 4147 892 4194 ‘¹
906 4137 1024 4194 ⁸⁰⁸⁰*
