2680 4690
166 183 170 188 ’
281 215 326 280 ru
343 211 494 300 uocum
516 215 598 280 tm.
620 213 719 282 xcv.
741 207 856 282 mvn.
1004 213 1066 294 ent

76 419 161 586 :tt
180 421 244 586 ,tc
256 439 734 584 nrtrtnnnnn
750 421 1065 586 trinitrem}
1093 424 1236 565 ten:

17 656 19 666 Ι
75 603 154 666 man
175 585 248 666 qaod
268 587 347 646 uialto
361 585 419 646 Dei
438 583 617 668 appellatione
637 587 710 668 apud
729 607 817 646 omens
836 584 946 666 censeri.
989 587 1064 647 Nam

74 661 180 748 etiamst
214 665 337 750 lerosqne
357 665 431 748 apud
450 685 544 750 gentes
568 667 716 749 complures
733 669 787 744 Dii
805 667 947 740 colnntnr;
977 685 1067 730 tomen

70 747 192 829 sapienti
211 766 283 810 omas
304 751 414 830 quisque
431 748 556 809 Deorum
575 753 692 810 amenum
708 769 791 812 annm
808 771 895 833 regem
910 765 1067 832 patremque

75 829 182 901 eredit,
205 848 292 912 aqtao
313 829 475 911 deserendae,
495 831 632 912 quidquid
651 831 793 914 inferioris
811 833 916 893 ordirtis
935 831 990 912 esl,
1013 851 1067 894 non

72 907 202 993 potestate
222 931 281 972 enm
298 909 364 986 illo,
386 932 439 971 tton
461 930 562 972 notura
583 914 800 996 comparandum.

134 1017 207 1079 XX.
233 1018 273 1079 Ut
289 1021 301 1078 ι’
324 1021 378 1078 'mr
394 1018 467 1080 hand
483 1024 572 1102 inepte
587 1019 710 1082 dubitari
725 1038 815 1102 queat,
837 1027 978 1100 quantam,
998 1036 1066 1099 qnae
1101 1025 1170 1080 lest
1184 1024 1241 1078 att.

74 1100 103 1158 in
120 1096 171 1158 bae
185 1099 258 1181 farto
274 1037 393 1174 coitur,
426 1103 518 1164 Vertat
542 1100 649 1176 uelem,
740 1121 830 1182 traque
847 1095 888 1180 fit
908 1098 991 1178 tejas
1013 1098 1065 1160 loci
1076 1109 1152 1166 tro*
1162 1097 1244 1158 nato-

67 1177 265 1261 sanctt'monia:
279 1177 320 1261 fi'c
339 1186 420 1246 etiam
438 1187 605 1266 experientia
621 1121 743 1261 cornil:
749 1203 833 1264 raeque
851 1183 951 1242 ratiorn'
971 1180 1065 1264 refro-
1077 1163 1255 1218 '‘''lm'''

71 1279 178 1342 gater,
205 1259 253 1342 effe
271 1261 387 1342 aliquan
404 1266 534 1346 majorem
550 1263 666 1326 hamana
682 1263 853 1347 potestatem,
876 1282 943 1344 qnae
963 1263 997 1322 de
1009 1263 1064 1345 sre-
1096 1242 1134 1283 ”⁴
1175 1241 1187 1284 '
1233 1264 1243 1296 ’

73 1345 163 1416 teris,
187 1347 333 1404 autetiam
348 1344 533 1428 praesentibus
545 1349 590 1408 ira
608 1366 712 1408 nnueot
732 1348 866 1408 honoriam
883 1355 1004 1418 montet,
1034 1363 1066 1404 ot

71 1421 122 1484 illo
131 1424 245 1502 Jiimalo
261 1423 414 1488 admortitae
432 1449 487 1490 non
503 1427 634 1490 inclinent
655 1427 732 1487 mado
754 1425 791 1488 ad
810 1425 989 1498 credendum,
1014 1423 1067 1506 sed

72 1509 153 1566 etiarn
172 1509 281 1586 penitus
297 1510 339 1566 iea
348 1507 380 1590 se
397 1529 454 1570 rem
471 1505 567 1571 labere
580 1527 634 1590 pro
652 1528 725 1570 cereo
742 1523 925 1589 compertoque
939 1507 1063 1568 habeant.

73 1586 151 1648 Mihi
161 1585 230 1669 sane
246 1592 285 1648 ito
298 1610 370 1652 ronne
384 1589 508 1674 adfectus
526 1588 563 1668 est
579 1591 701 1666 artimus,
723 1609 756 1652 at
772 1589 807 1650 le
824 1591 942 1650 ueritate
959 1607 1063 1662 rernm,

74 1687 140 1748 quae
162 1667 298 1751 mibiper
321 1673 436 1754 quietem
455 1671 524 1755 stant
544 1669 675 1754 ostensae,
711 1675 800 1732 ntirtnt
828 1673 908 1731 etiam
938 1671 1064 1731 dubitare

71 1745 183 1830 poffioa,
203 1771 443 1834 quantamcumque
460 1750 580 1814 inhibere
597 1751 736 1836 adsenfiam
755 1771 845 1826 coner,
866 1771 945 1832 mam
960 1753 994 1813 de
1009 1751 1062 1826 tis,
1111 1823 1114 1830 Ι

73 1851 138 1911 qaae
157 1851 231 1892 nnete
250 1833 346 1894 uident
362 1835 529 1918 vigilansque
540 1833 628 1918 focio.
1047 1833 1059 1858 '

129 1938 220 2000 XXI.
248 1938 338 2002 Haec
357 1941 466 2026 agenti
485 1960 557 2004 eum
576 1939 705 2016 amicis,
729 1940 806 2003 dum
825 1939 928 2004 adhuc
946 1939 1063 2025 loque·
1092 1947 1264 2019 Sometimes

71 2016 186 2092 hatur,
215 2037 476 2120 supervenerunt
497 2023 536 2085 ab
555 2023 616 2086 Ilio
637 2023 770 2097 nuncii,
798 2021 959 2086 tredecim
985 2017 1254 2090 con-tttrttlli'tr‘

71 2100 197 2184 spectas
215 2105 279 2166 esse
297 2105 387 2188 regis
404 2105 677 2190 quinqueremes,
699 2107 874 2178 Lemnum,
897 2103 953 2164 uhi
968 2124 1064 2188 prae·
1075 2086 1268 2155 “mlum

71 2182 151 2246 iecti
171 2183 276 2246 ciassis
298 2185 338 2248 ad
358 2207 492 2250 ancoras
510 2185 648 2261 stabant,
668 2188 839 2272 petituras.
869 2186 970 2269 {gitur
987 2205 1066 2270 pro-

72 2285 153 2348 pere
169 2279 322 2340 erectus,
344 2267 431 2332 inter
446 2268 614 2332 Tenedum
631 2283 665 2332 et
678 2268 883 2332 Achaeorum
900 2265 1067 2330 stationem
1100 2303 1107 2322 ·

69 2347 202 2430 proelio
227 2349 409 2424 commisso,
437 2351 616 2424 Isidorum,
646 2351 703 2436 qui
727 2349 862 2414 navibus
886 2347 953 2410 iliis
971 2367 1068 2446 prae·

71 2441 159 2501 eret,
191 2429 377 2505 interfecit,
406 2453 506 2496 neres
528 2452 640 2496 omnes
663 2432 762 2516 cepit.
804 2432 884 2496 Inde
903 2449 985 2492 mart
1001 2431 1067 2493 Ae·

71 2529 133 2652 fiee
144 2513 303 2573 Lemnum
322 2511 491 2596 profectus
510 2512 550 2576 ed
570 2528 712 2577 ceteram
734 2513 862 2576 class'esu
880 2512 1068 2596 expugnem·
1177 2521 1180 2526 '

93 2613 162 2664 am,
186 2593 220 2654 in
238 2593 365 2658 deserte
383 2595 503 2668 insula,
526 2595 581 2658 ubi
600 2595 804 2658 Philoctetae
824 2593 929 2656 calum
948 2611 1069 2655 aeneus
1191 2613 1194 2618 ·

71 2693 228 2817 pappant,
248 2695 443 2821 priusque,
465 2675 631 2820 etdfasciip
651 2673 795 2825 ilppetus
812 2673 927 2738 thorn
942 2672 1068 2736 iudice·

92 2777 245 2840 e,proe
262 2777 300 2822 ec
316 2778 353 2822 os
372 2779 484 2846 regies
527 2779 607 2844 epra
632 2777 708 2822 ent

129 2863 233 2924 xxtt.
263 2868 332 2928 Nee
353 2865 431 2932 elici
456 2865 496 2929 ad
515 2887 656 2950 pugnam
674 2873 843 2950 poterunt:
874 2858 1063 2924 tubanens-
1086 2867 1264 2927 Meherdatis

69 2963 133 3088 pue
150 2943 193 3005 ad
208 2945 304 3008 litora
319 2965 437 3024 naves,
465 2947 616 3012 tabulatis
638 2943 854 3031 superstantes
871 2943 991 3006 acriter
1006 2941 1062 3006 do·
1075 2942 1220 3024 ¹¹9⁹th
1239 2943 1263 2994 i·

85 3024 257 3089 eudebant.
298 3029 420 3093 Multus
441 3029 488 3092 ibi
505 3029 598 3092 labor
613 3028 768 3092 Romanis
789 3023 871 3100 fuit,
900 3025 999 3088 multu
1022 3017 1199 3090 uei'W'
1226 3029 1253 3064 ⁴·

69 3109 205 3174 vulnera
226 3123 375 3194 acceptat
405 3109 710 3195 quia-inhaerentes
732 3107 824 3170 litori
844 3127 944 3170 naves
966 3128 985 3167 a
1000 3045 1232 3168 duflum·

69 3189 272 3264 ctuantibue,
305 3205 465 3276 tamquam
487 3190 610 3256 firmata
637 3191 672 3254 in
696 3188 800 3253 stabili
823 3189 893 3252 solo
918 3185 1062 3266 castella,

67 3269 133 3332 leri
160 3283 194 3332 et
218 3271 316 3334 irrito
345 3289 462 3336 conatu
485 3274 691 3360 petebantur.
733 3269 900 3334 Postremo
924 3269 1064 3332 circum-

68 3351 150 3414 miffi
180 3352 242 3414 aliu
268 3369 361 3436 parte
387 3357 529 3431 milites,
563 3353 772 3420 exscensione
793 3353 897 3425 fecta,
931 3361 1064 3434 utergtt

69 3431 357 3500 circumvenerunt
374 3435 515 3502 hossetn:
551 3452 602 3510 et,
625 3435 744 3499 occisis
765 3433 947 3505 nonnullis,
981 3433 1064 3496 alios

92 3517 260 3613 repellere
280 3540 397 3595 naves,
418 3535 451 3582 et
472 3521 506 3584 in
525 3539 621 3604 aquas
645 3539 680 3581 se
702 3517 852 3602 recipere
874 3519 1064 3599 coigerunt.

67 3539 117 3658 ibi
141 3611 230 3662 inter
250 3597 314 3664 duo
333 3603 467 3664 maxima
489 3599 679 3666 discrimina
701 3596 915 3686 deprehensi,
946 3610 998 3672 et,
1028 3619 1066 3659 u·
1116 3607 1137 3616 ”

65 3693 153 3742 tuum
176 3680 279 3765 magis
302 3683 461 3758 vitarent,
492 3683 631 3760 incerti,
661 3681 735 3744 dum
758 3683 864 3766 neque
887 3677 985 3744 'altum
1003 3700 1064 3766 pe·

66 3773 142 3823 tere
160 3777 249 3826 metu
265 3762 427 3830 hostilium
447 3765 576 3832 navium
599 3763 728 3836 audent,
750 3777 784 3826 et
799 3775 887 3824 terre
905 3759 943 3824 ab'
963 3780 1064 3843 erpo·

70 3843 143 3905 sitis
158 3843 395 3930 prohibentur,
417 3847 458 3910 ad
477 3868 567 3912 oram
583 3847 790 3919 oberrantes,
813 3845 976 3927 utrimque
993 3839 1064 3904 rul-

66 3981 408 4002 m

67 4047 272 4192 Addidi-m
287 4017 365 4105 rtur.
381 4045 532 4104 Memnon.
550 4045 628 4105 Plut.
646 4040 773 4122 Appias.
800 4041 872 4115 Cap.
883 4041 971 4098 xxn.
987 4037 1064 4100 Plut.
