2654 4690
322 325 382 370 aie
424 305 706 370 FRElNSHEMll
722 299 1137 368 SUPPLEMENTORUM
1154 303 1233 365 tua.
1247 303 1293 365 Ll.

76 509 79 514 '
163 509 236 566 Um.
247 511 308 582 670.
323 508 434 591 duffii,
457 510 628 592 discrimine,
651 515 712 580 ouri
729 509 857 572 uiolentia
874 531 902 572 et
918 509 1066 572 acerbitate
1082 529 1172 573 animi
1190 513 1309 570 ueniri.

161 579 199 634 Δ·
215 583 247 636 ⁰·
263 583 309 638 ⁸²·
324 592 453 655 Similia
475 612 604 688 quoque
633 591 778 654 mandata
806 593 846 655 ad
872 594 993 656 Sullam
1020 589 1174 668 dederam
1211 589 1311 670 adjun-

324 675 409 748 ctis,
434 694 516 758 quae
538 673 747 758 singulariter
771 675 862 736 illuni
887 660 1104 756 a'tiingebant,
1126 671 1204 768 qai,
1234 673 1312 756 pasis

323 754 393 834 ejus
414 769 545 828 auctor,
567 775 680 837 magna
700 777 718 815 a
739 776 819 840 rege
842 755 883 818 ad
902 755 1022 818 bellum
1040 749 1219 838 aceepill‘et
1237 755 1312 814 anxi-

322 835 536 982 ffioufffla
555 835 741 920 exspectare
763 839 878 923 pollet.
920 839 1010 901 Haec
1033 849 1125 898 erant
1147 835 1314 921 superiore

148 1075 312 1134 Mariandi-
386 1065 457 1130 XV.
480 1066 516 1128 C.
535 1085 617 1130 vero
632 1065 749 1140 Mario,
772 1063 831 1129 Cn.
845 1063 993 1128 Carbone
1009 1061 1210 1138 consulibus,
1227 1085 1315 1148 quain

135 1149 310 1232 memle-
326 1147 466 1208 nondam
485 1147 613 1210 reversi
629 1151 731 1210 Roma
751 1147 849 1230 legati
867 1146 985 1220 allent,
1006 1149 1160 1219 Murena,
1181 1148 1315 1208 transito

136 1215 312 1280 mfi'mM'·
326 1229 406 1310 Haly
423 1225 536 1303 ilario,
560 1232 615 1314 qui
632 1245 666 1292 et
683 1229 761 1290 alias
780 1227 931 1312 copiosus
949 1226 1054 1312 aquis,
1075 1241 1141 1290 tum
1156 1229 1316 1289 continuis

135 1281 278 1339 tiridatis.

325 1311 486 1372 imbribus
511 1332 607 1395 supra
627 1312 759 1375 solitum
768 1310 991 1382 intumuerat,
1020 1305 1102 1371 fines
1122 1307 1316 1370 Mithridatis

104 1465 109 1478 .
209 1403 212 1409 ⁴
325 1392 429 1454 libera
451 1393 662 1476 populatione
683 1391 889 1477 persultati13
921 1410 1001 1472 rege
1025 1408 1183 1475 nusquam
1209 1409 1318 1452 occur·

326 1487 437 1548 rente,
468 1495 510 1535 ne
531 1473 619 1537 bello
641 1475 774 1538 caull'am
795 1469 918 1533 dedille
936 1485 1139 1556 argueretur.
1182 1471 1319 1536 Sisila·

325 1555 495 1699 ibbbii’itin
512 1555 685 1644 Phrygiam
705 1553 1025 1640 Gallograeciamque
1049 1547 1178 1616 onustus
1202 1550 1319 1640 praeda

385 1785 473 1850 XVI.
497 1783 544 1846 lbi
565 1785 720 1847 convenit
741 1805 815 1848 euin
837 1745 949 1849 inill‘ua
966 1785 1004 1848 ah
1024 1793 1138 1848 senatu
1152 1781 1320 1852 callidius,

328 1867 385 1952 qui
405 1868 517 1950 literas
538 1865 667 1950 quidem
686 1869 790 1932 nullas
808 1867 995 1940 adferebat,
1017 1868 1119 1952 palam
1134 1879 1248 1927 autem
1258 1867 1320 1923 hlu-

136 1971 139 1984 ·
234 2014 242 2032 κ
323 1969 428 2010 renas
456 1949 621 2010 nunciavit
644 1964 774 2012 senatus
796 1950 925 2022 verbis,
959 1969 1071 2032 regem
1094 1947 1222 2009 socium
1249 1945 1320 2005 ami·

327 2051 467 2113 euinque
490 2049 531 2091 ne
555 2030 731 2094 lacelleret.
783 2031 930 2104 Deinde,
966 2032 1041 2116 quia
1064 2049 1137 2092 oiim
1158 2030 1237 2090 solo
1260 2027 1320 2088 col«

328 2113 420 2210 loqui
442 2111 523 2174 coiis
563 2125 632 2172 etus
656 2128 742 2185 erat,
765 2134 871 2198 neque
888 2118 1023 2176 Murena
1045 2111 1120 2174 ideo
1135 2111 1252 2172 tainus
1269 2108 1320 2168 lio·

326 2191 410 2259 Ililia
438 2193 523 2256 faeie
546 2205 598 2268 at;
637 2193 745 2256 dolum
771 2197 989 2258 Romanorum
1019 2193 1166 2260 iaculans
1194 2188 1320 2252 Mithri

328 2274 420 2420 dapes
447 2273 606 2338 Gordium
633 2293 830 2350 sucurrere,
865 2291 900 2342 et
925 2275 1136 2362 praeditores
1164 2277 1320 2338 coerceri

326 2377 361 2437 Ju
388 2371 424 2420 it.

392 2485 491 2552 XVII.
514 2487 584 2562 llle,
607 2458 712 2572 ‘immi
721 2501 754 2552 et
767 2489 888 2552 milites
904 2489 1020 2551 multos
1037 2500 1070 2549 et
1084 2485 1229 2568 jumenta
1242 2503 1319 2548 com·

327 2567 565 2653 prehendillet,
589 2567 737 2631 abductis
757 2571 841 2644 illis,
865 2569 962 2634 salira
982 2567 1090 2631 callris
1103 2571 1268 2632 Murenae
1286 2568 1319 2627 s‘ii

158 2661 210 2716 sit
224 2665 316 2736 angi
331 2651 501 2736 appelait,
525 2663 560 2713 ut
580 2649 788 2716 interfluente
810 2674 901 2714 amne
925 2653 1167 2714 dirimerentur.
1203 2655 1319 2714 Neutei

135 2733 436 2804 trvfiigiitiir.tamen
466 2754 593 2818 pugnae
622 2747 747 2796 tentare
780 2733 943 2798 fortunam
969 2731 1091 2796 noluit:
1124 2732 1233 2794 donec
1263 2729 1319 2814 ipsi

328 2813 535 2876 Mithridates
562 2833 634 2877 cum
657 2814 831 2893 majoribus
854 2816 958 2900 copiis
983 2813 1186 2898 supervenit.
1232 2817 1319 2874 Tum

331 2909 449 2978 coepto
471 2895 593 2958 circum
617 2918 741 2958 amnem
760 2897 907 2981 proelio,
932 2917 1029 2980 qnam
1051 2893 1149 2956 rebus
1175 2893 1319 2964 omnibu}

331 2975 436 3060 impar
450 2979 585 3038 Murena
604 2977 692 3051 enat,
715 2975 982 3042 transcenderunt
999 2997 1124 3038 amnem
1140 2977 1244 3060 regii,
1266 2977 1319 3035 Ru

330 3077 528 3140 manusque,
557 3059 665 3120 multis
688 3059 812 3132 caesis,
841 3062 873 3122 iti
894 3061 1010 3122 collem
1031 3057 1199 3141 quemdam
1223 3059 1318 3118 muni

331 3151 399 3199 tuin
418 3158 453 3200 se
473 3137 624 3223 recipere
641 3146 828 3224 coegerunt.
870 3137 965 3213 Mox.
979 3159 1058 3224 rege
1080 3137 1179 3224 adop
1204 3161 1318 3224 agnai

332 3217 408 3279 duni
428 3221 544 3282 collem
562 3221 730 3316 prolecto,
755 3243 851 3306 quum
869 3223 961 3284 locus
980 3221 1019 3282 ad
1039 3162 1260 3284 residendum
1282 3244 1318 3306 pa

331 3320 403 3361 rum
425 3322 442 3361 a
467 3313 517 3363 tus
539 3301 723 3376 videretur,
746 3303 892 3367 deserina
915 3307 1083 3365 aMurena
1104 3299 1164 3364 est:
1193 3323 1318 3388 magne

332 3401 396 3464 que
419 3323 548 3455 labore,
578 3385 681 3466 regiis
707 3383 844 3448 subinde
869 3385 1076 3481 carpentibus
1097 3404 1237 3468 agmen,
1278 3395 1318 3528 pt

330 3477 458 3525 montes
479 3465 560 3526 aviis
582 3465 755 3529 itineribus
775 3467 808 3528 in
824 3466 994 3551 Phrygiam
1012 3479 1230 3550 penetratum.
1300 3485 1318 3530 a

331 3543 447 3606 liariter
473 3545 600 3641 vulgata
624 3561 686 3609 tani
712 3549 891 3633 insperatae
919 3549 1075 3612 victoriae
1099 3549 1182 3609 lama
1205 3551 1318 3626 multi

227 3639 231 3646 '
331 3623 474 3703 adjunxit
499 3627 697 3691 Mithridati:
733 3631 890 3716 brevique
914 3631 1038 3704 omnia,
1062 3650 1231 3714 quaeper
1252 3629 1318 3716 Caii

329 3705 498 3788 padoaiam
521 3709 585 3770 dax
601 3713 763 3775 Romanus
783 3711 1000 3797 disposuerat,
1021 3712 1187 3798 praesidia
1200 3709 1317 3796 dejee

206 3782 210 3802 ⁸
331 3801 415 3857 sunt,

73 3969 84 3982 .
169 3913 317 4000 mma,
391 3917 505 3980 XVlll.
535 3921 758 3996 Mithridates,
781 3925 932 3988 athonis
956 3927 1023 3988 suis
1044 3923 1317 3990 rebuslionore

140 4017 317 4068 servatorii.
334 3999 404 4060 lliis
430 3999 584 4076 haberet,
616 4003 648 4064 iii
676 4005 874 4070 altomonte
903 4005 1097 4075 sacrificium
1116 4007 1195 4070 Jovi
1224 4007 1317 4080 belh

138 4083 258 4151 orbitat·

308 4103 402 4170 'rum
420 4081 563 4165 praesidi
581 4087 688 4168 patrio
708 4107 799 4150 more
821 4089 912 4159 lecit.
965 4090 1044 4170 Ejus
1062 4087 1144 4152 haee
1164 4089 1273 4152 iuiss'e
1298 4113 1317 4168 r

330 4163 377 4224 tis
402 4164 551 4228 traditur.
601 4168 731 4230 Primus
756 4168 825 4254 ipse
847 4193 906 4235 reu
928 4171 963 4232 in
986 4191 1110 4236 autumo
1134 4171 1270 4236 mentis
1303 4177 1317 4238 i
