2654 4690
236 305 239 312 .
286 219 368 322 '220
406 257 683 324 anaansnann
700 253 1111 322 snaaaanan'roann
1125 255 1272 317 aman.

139 463 175 522 a.
193 465 293 526 αὐτο·
370 463 453 527 XIV.
485 465 575 527 Haec
592 465 653 536 ita,
683 465 731 526 uti
750 461 834 524 dicta
853 475 961 531 erant,
985 463 1291 548 apleriaquaacci-

141 535 278 590 3·0·8²·
309 543 493 628 piabantur.
526 559 576 618 at,
606 545 724 630 quibua
744 543 906 628 reputatio
927 557 1128 628 temporum,
1159 557 1191 606 at
1214 567 1292 630 quae

88 667 92 670 -
125 605 171 666 ’ἢ
182 604 296 674 imm·
310 625 417 712 paullo
436 639 509 687 ante
524 627 688 700 viderant,
712 627 817 690 acrius
836 626 1030 688 exercebant
1048 626 1198 710 ingenia,
1226 645 1292 687 ram

122 684 227 794 22:5¹¹
239 685 297 726 Μ’
310 707 374 769 alle
393 707 532 794 periculi
549 709 759 796 planiss'naam
776 705 987 770 autumabant.
1010 735 1014 744 «
1029 709 1122 768 Etiam
1140 707 1293 768 melioribus

303 787 419 873 ftculis,
460 809 523 848 unm
541 791 659 856 nondum
676 789 840 871 quotidianis
859 788 937 849 rebus
956 787 1086 870 accenseri
1100 789 1171 849 bella
1185 789 1291 858 civilia,

309 889 336 930 et
354 873 383 929 in
401 809 481 942 arie,
503 873 533 931 in
541 871 626 954 foro,
647 874 678 931 in
691 875 767 931 curia
782 885 887 952 pugnae
900 871 1058 950 caedesque,
1079 867 1201 1008 piisimi
1217 871 1295 953 fizepe

309 951 473 1012 discordiam
490 957 611 1032 partium
630 951 667 1012 ad
680 951 838 1034 sanguimen
857 971 992 1031 necemque
1010 950 1102 1011 imbeci
1113 951 1215 1011 lioaum
1231 970 1293 1032 pcr-

265 1055 266 1060 ’
309 1029 435 1111 versiffe„
459 1031 579 1105 Sullam,
612 1029 717 1112 tameafi
738 1028 850 1109 mirifice
871 1031 956 1094 adhuc
976 1032 1113 1092 lenitatem
1136 1033 1293 1114 praeferas,

310 1116 351 1172 ira
371 1131 459 1173 marren
476 1118 619 1174 irritatam
637 1111 670 1174 ab
690 1113 855 1194 adversariis
874 1111 943 1194 inst,
978 1133 1010 1174 ue
1029 1113 1063 1173 ab
1082 1113 1139 1196 iina
1156 1114 1295 1190 Modestia

296 1197 360 1254 nir
382 1189 461 1274 poffla
482 1193 631 1276 postulari,
658 1198 689 1256 in
709 1213 787 1254 torna
805 1195 940 1255 uindicare
958 1215 987 1254 ee
1005 1193 1091 1272 cauffo
1110 1215 1139 1254 er
1154 1193 1293 1276 accafianc,

310 1281 451 1336 incruenta
466 1273 626 1355 reipublicae
640 1272 782 1354 carmerfia.
826 1271 922 1356 Neque
934 1275 1012 1336 illum
1028 1279 1133 1357 irnperio
1151 1275 1295 1337 abliorrere

185 1411 194 1426 ,
308 1376 327 1415 a
341 1356 474 1437 saeniaia,
498 1355 549 1438 sed
571 1361 684 1438 tempori
696 1354 822 1435 dedisse,
855 1376 888 1416 ne
906 1373 1078 1437 praemature
1095 1357 1292 1434 effernecerer.

309 1435 394 1580 pcipe
409 1440 516 1534 qnidam
534 1455 682 1518 temperare
697 1435 825 1518 poeaiffe,
846 1441 913 1516 qnia
931 1437 1065 1500 evidentia
1084 1438 1216 1498 annania
1232 1459 1295 1499 crn-

331 1539 380 1578 eas
397 1537 480 1578 amma
496 1537 654 1602 argumenta
671 1535 852 1600 erumperent.

138 1659 300 1716 Peioeasal·
373 1647 446 1712 XV.
474 1649 572 1708 Priore
584 1645 651 1728 sarae
666 1645 751 1720 bello,
773 1667 855 1728 quum
868 1648 997 1730 servaras
1013 1668 1030 1708 a
1045 1647 1145 1708 Maria
1162 1648 1199 1708 ad
1214 1647 1297 1731 legio-

124 1731 300 1810 ἰαμβείου·
314 1751 360 1792 nes
370 1730 432 1808 jam
450 1729 498 1789 alii
514 1729 634 1789 decreras
651 1727 778 1810 rediffir,
806 1733 835 1792 vi
854 1751 884 1792 ac
900 1734 985 1795 armis
1005 1733 1121 1790 amasiam
1140 1749 1233 1792 rerum
1250 1751 1296 1788 as-

110 1799 271 1866 'st‘m‘5r
311 1809 425 1873 hiarium
444 1807 601 1892 arripaiffe:
623 1810 715 1872 urbem
730 1807 876 1892 occupaffe:
896 1811 1066 1894 multisque,
1080 1810 1136 1892 ipsa
1154 1816 1296 1870 cannia-ea·

311 1913 357 1968 re,
379 1895 489 1952 interim
509 1913 535 1950 et
545 1889 675 1972 jubente,
698 1887 800 1972 assisti,
822 1889 928 1976 coigiffe
940 1893 1082 1974 sertatum,
1104 1912 1136 1950 ret
1149 1891 1299 1972 complures

310 1976 429 2058 egregios
447 1977 539 2046 viras,
563 1970 746 2054 famaltatibas
760 1971 820 2054 sais
837 1995 949 2050 exuras,
971 1977 1075 2055 patriae
1093 1971 1221 2054 adspectu
1236 1978 1298 2053 pri-

310 2075 404 2126 varos,
425 2051 508 2131 'hostes
514 2055 666 2134 judicares.
708 2053 763 2116 Sed
779 2075 825 2114 nec
838 2055 1006 2116 ambitionem
1022 2054 1079 2132 ejas
1095 2059 1195 2128 minus,
1220 2074 1301 2138 quam

266 2192 270 2196 .
309 2135 494 2208 iracundiam,
519 2135 685 2196 metuendam
703 2132 762 2214 effe.
807 2135 965 2218 Cupidiraee
982 2135 1109 2197 barcarum
1130 2155 1157 2196 er
1175 2137 1300 2194 domina-

311 2223 392 2282 tionis
410 2216 509 2276 maltos
526 2219 630 2299 ingenio
646 2220 722 2276 mites
740 2237 769 2276 eo
781 2215 812 2298 se
826 2221 1013 2300 praecipitare,
1036 2216 1107 2277 assde
1116 2216 1176 2298 fine
1184 2216 1238 2298 seeo
1252 2237 1317 2280 aar,

311 2299 427 2360 aliorum
445 2301 529 2357 exim
549 2300 616 2358 eniri
635 2316 775 2380 nequeant.
829 2296 899 2376 Jam
919 2319 983 2360 aero
1001 2301 1042 2359 ira
1062 2314 1248 2378 cornpararam
1269 2303 1299 2357 in

312 2379 391 2440 rebus
409 2379 550 2451 humanis,
581 2398 613 2439 ue
643 2377 685 2438 ine
705 2377 763 2438 ullo
783 2383 949 2442 conmunione
967 2379 1034 2441 alias
1052 2383 1163 2462 quisque
1179 2396 1234 2462 pro
1249 2379 1299 2460 se,

311 2479 391 2542 quam
404 2459 435 2542 fia
450 2477 501 2542 pro
518 2459 597 2547 aliis,
616 2463 708 2542 perire
725 2457 812 2523 malie.
983 2455 991 2474 ‘

150 2611 187 2662 Ε,
199 2609 301 2678 angat.
372 2575 458 2656 XVI·
489 2589 554 2652 Non
563 2587 642 2731 poffe
661 2585 781 2668 exfistere
802 2587 952 2652 clementem
973 2595 1089 2652 animum
1109 2594 1139 2650 in
1160 2590 1238 2650 civili
1257 2593 1305 2650 ai·

134 2695 179 2730 nm
209 2676 416 2736 civilisctoria:
444 2675 518 2745 iras,
547 2675 628 2745 oia,
650 2669 782 2750 offirtsas,
824 2694 961 2756 nanaqnam
982 2668 1128 2750 minffimas
1147 2693 1233 2732 mores
1252 2693 1306 2731 ex.

134 2748 274 2801 'listllflh
313 2751 447 2816 acerbare.
489 2753 621 2814 Accedere
643 2751 777 2813 licentiam
793 2694 912 2835 iummae
932 2757 1084 2834 potentiae:
1115 2773 1143 2814 er
1163 2753 1307 2812 interdurn

190 2863 195 2868 ·
312 2835 357 2898 vel
375 2855 391 2896 a
410 2833 560 2896 nalemibus
576 2833 682 2916 aliquid
698 2835 796 2894 durinc
809 2831 885 2914 fieri,
907 2856 938 2896 ue
956 2835 1152 2894 admoneantur
1172 2833 1307 2906 borsines,

313 2937 443 2999 quaestam
469 2914 616 2978 victoribus
642 2913 739 2989 liceat,
761 2913 793 2999 fi
812 2915 908 2978 nelina.
938 2913 1050 2978 'Multa
1077 2937 1180 2998 quoqne
1207 2936 1311 2976 conara

313 2996 478 3060 voluntatem
496 2997 591 3080 ficere
615 2999 690 3081 cogi,
722 3016 754 3057 ar
769 2997 942 3081 statisfacianr
964 2998 1135 3078 acljneorious
1159 3001 1310 3056 victoriae.

315 3077 410 3144 lamam
434 3077 618 3160 iraexplebilem
641 3081 787 3140 avaritiam
810 3078 893 3140 anellis
914 3099 1035 3160 nmquam
1058 3079 1151 3159 opibus
1171 3077 1315 3160 exfiaeiari

333 3156 393 3242 offe.
422 3159 475 3222 Sed
492 3160 529 3218 ad
545 3159 591 3220 bas
606 3159 743 3241 parandas
752 3159 1057 3243 opuseffecrudelieate.
1090 3157 1165 3219 Nam
1177 3179 1204 3220 et
1218 3161 1314 3218 adieras*

312 3177 382 3302 iana
398 3239 580 3301 inamoenribus
602 3237 826 3322 invidiofifflmum
845 3241 912 3322 effe,
942 3263 969 3303 er
988 3235 1188 3320 injustiffimas,
1220 3245 1314 3299 esiam

312 3341 396 3411 quum
408 3321 502 3404 facere
519 3319 626 3460 {celeste
645 3321 713 3382 nibil
730 3322 807 3406 petest
823 3323 953 3398 moenita,
980 3321 1080 3404 prabos
1101 3341 1191 3382 aaran
1212 3323 1314 3396 videri

286 3405 291 3412 '
313 3401 405 3464 malle.
450 3401 520 3463 Nili
549 3423 611 3486 ergo
629 3401 777 3484 reliquam,
799 3425 877 3487 quam
898 3427 947 3480 ur,
970 3403 1064 3486 quibus
1085 3406 1189 3484 eripere
1204 3403 1314 3486 facul-¹

314 3501 384 3546 sares
402 3482 598 3561 constituerint,
620 3487 658 3545 eis
674 3489 753 3566 prius
769 3485 890 3548 adimerat
907 3491 1001 3564 airam
1024 3505 1075 3566 pao
1090 3504 1225 3567 tamquam
1233 3479 1314 3566 jassi

314 3583 355 3626 aas
373 3563 504 3646 panivrffe
524 3565 683 3628 credantur.

148 3707 229 3762 Sulla
244 3721 304 3761 em·
375 3696 476 3762 xvll.
501 3695 652 3760 Ceterum
669 3699 775 3770 Sulla,
795 3717 861 3760 non
876 3695 997 3760 diutius
1011 3699 1132 3760 Romae
1147 3713 1313 3776 moratus,

136 3787 184 3830 m
204 3775 303 3830 Gari·-
316 3799 408 3861 quam
431 3791 483 3849 ut,
507 3779 625 3842 curatis
645 3777 847 3852 instantibus,
878 3780 1053 3842 amicorum
1071 3775 1228 3864 quasdam
1247 3802 1313 3842 um

134 3861 192 3898 ''¹''
206 3853 406 3935 ”⁹⁰''·laanis
430 3859 529 3922 rebus
556 3859 766 3945 praeficeret,
801 3861 877 3924 inda
903 3864 1062 3924 contenta
1083 3861 1180 3924 carin
1203 3861 1313 3939 Eas-ul

276 3988 279 4000 .
314 3941 395 4004 riam
413 3941 529 4027 petiit:
559 3941 647 4027 quod
665 3941 749 4028 apud
767 3940 909 4012 Clusium
925 3941 1028 4010 Carbo
1048 3942 1162 4010 aaalul
1174 3941 1312 4035 pliorem«

273 4165 276 4171 ·
304 4183 306 4190 .
347 4083 677 4203 cap.xvi1.a1›piaa·
707 4131 710 4139 ⁴
820 4155 824 4164 ⁴
