2654 4690
632 39 643 80 δ

319 298 378 348 aaa
418 280 614 348 nnuman.
631 247 1277 344 sorranuianronuunamnnn.

146 489 181 545 o.
202 507 227 544 o·
245 487 306 550 ⁶7⁰·
319 499 390 548 tur:
419 505 524 570 neque
545 483 584 547 ad
604 453 758 548 summam
777 485 851 572 pius
870 495 995 568 septem
1015 481 1202 548 cohortibus
1221 487 1291 571 apud

145 559 181 614 Α·
201 559 235 616 C·
273 573 299 614 ¹·
320 567 434 631 ducem
455 582 694 652 permanerent.

380 699 452 760 XX.
474 699 568 760 Irrita
584 699 700 760 Marcii
720 695 887 780 expeditio
905 699 950 757 tt.
966 696 1291 780 Lamponium‚·Pon·

140 791 308 845 Stmttturst
321 780 401 842 tium
420 781 622 852 Telesinam,
655 782 784 842 Guttam
803 779 1005 862 Capuanum,
1035 779 1164 841 Italicos
1188 779 1291 856 duces,

126 859 306 916 Italicum·
320 861 486 933 accendit,
510 876 545 922 ut
564 882 605 923 eo
622 861 779 944 promtius
800 858 840 920 ad
859 859 1009 920 auxilium
1023 862 1117 920 Marii
1132 881 1292 925 concurre-

236 973 238 978 ·
320 957 405 1004 rent.
449 949 561 1026 Neque
582 941 784 1029 spernendae
801 939 853 1002 his
873 942 982 1014 vires,
1013 944 1211 1084 septuaginta
1232 947 1292 1006 mil-

320 1024 365 1086 lia
387 1038 598 1096 armatorum,
631 1039 733 1103 eraut·
776 1020 841 1086 Sed
863 1021 922 1083 abt
941 1022 1001 1084 hos
1023 1046 1040 1084 a
1065 1038 1196 1086 ventare
1218 1027 1294 1088 Sulla

320 1107 491 1189 cognovit,
523 1107 639 1188 quibus
664 1106 745 1169 locis
765 1103 902 1166 maxime
922 1119 1009 1166 arcta
1026 1117 1099 1166 suut
1114 1106 1250 1179 itinera,
1268 1121 1293 1170 et

318 1187 497 1255 necessario
516 1187 745 1250 transeundum
766 1181 909 1248 hostibus
930 1200 1015 1259 erat,
1038 1183 1136 1248 oaflra
1158 1202 1293 1262 metatos,

317 1267 434 1330 frustra
470 1283 662 1352 quaerentes
700 1267 819 1331 aditum
855 1267 1002 1330 exclusit.
1064 1269 1208 1332 Proinde
1238 1275 1293 1331 Ma·

317 1349 408 1422 rius,
446 1350 583 1424 nuliam,
616 1351 679 1412 nisi
706 1351 738 1412 in
766 1349 917 1432 seipso,
953 1369 1047 1412 sem
1072 1351 1230 1436 reliquam
1253 1353 1295 1414 vi·

318 1429 416 1503 dens,
452 1429 537 1494 inter
564 1433 717 1515 oppidum
742 1445 775 1493 et
800 1450 900 1514 opera
923 1372 1031 1494 Saliae
1048 1431 1201 1516 (spatium
1220 1434 1294 1495 eninr

317 1513 397 1575 satis
411 1533 560 1595 magnum
575 1515 748 1590 intererat)
766 1511 926 1574 castelium
943 1510 1110 1585 exstruxit,
1133 1515 1294 1576 machinis-

320 1613 384 1676 que
406 1607 439 1655 et
457 1595 562 1678 copiis
581 1594 626 1656 ibi
644 1595 822 1668 collocatis,
845 1594 1049 1690 eruptionem
1063 1597 1208 1660 tentavit.
1240 1597 1295 1658 Sed

320 1695 418 1758 quum
440 1693 502 1758 per
523 1674 706 1758 complures
730 1675 805 1737 dies
822 1673 1038 1759 nequidquam
1062 1698 1098 1739 se
1120 1677 1293 1764 fatigasset,

319 1769 511 1818 accurrente
531 1757 637 1830 Sulla,
658 1757 743 1819 iutra
756 1753 927 1820 Praeneste
949 1758 1095 1842 repulsus
1116 1758 1171 1824 eii.

310 1939 319 1962 ¹
339 1901 427 2016 oap.
446 1941 506 1999 xx.
527 1941 605 2000 rtur.
622 1941 750 2020 appan,
767 1943 831 2001 niv.
848 1943 927 2019 upa.
946 1941 1072 2019 Appias.
