2724 4706
261 267 577 338 nsocmrsts.
598 252 815 376 ommno.
954 233 1037 358 ‘ep

65 483 178 544 Eorum
195 475 367 542 duodecim
385 491 604 543 recensentur
625 479 658 542 in
679 482 784 544 veteri
802 482 973 551 itinerario
992 486 1039 550 ci·
1071 481 1216 550 U·0·⁶ti·

66 567 188 654 uitales:
224 559 418 624 Ausciorum
441 561 656 657 metropolis,
687 563 900 638 Convenasii,
921 567 1039 652 ¹(quae
1068 551 1200 610 *·⁰·⁶⁰·

65 644 137 704 duae
153 662 212 721 pant
233 655 336 714 aetate
356 642 527 706 Strabonis
547 664 597 723 prs
613 643 699 706 Latii
715 643 890 726 habebant)
907 653 1040 733 Aquen·
1066 691 1076 720 ,
1130 649 1139 658 “

67 725 156 798 sium,
175 725 413 796 Lactorutium,
436 726 732 800 Consarennorum,
754 725 853 790 bodie
876 731 1038 813 conjeram,

63 810 204 880 lloatum,
244 806 540 878 Benearnensium,
579 806 806 880 aturensium,
841 831 926 874 nnnc
951 816 1039 888 Airr,

63 887 215 960 Vasatica,
236 884 345 950 Turba
361 889 413 952 rel
429 885 562 950 oailrum
576 889 739 970 Begerra,
761 909 847 955 nunc
860 893 1040 978 Episcopa-

64 983 108 1030 tus
132 967 287 1028 Tarba-Bi
305 971 441 1051 orretqs's,
479 969 750 1040 Eloronensium,
785 969 818 1034 id
846 973 889 1036 eil
916 975 1039 1050 Olerots,
1095 973 1103 990 ‘

62 1051 246 1200 disparium,
269 989 304 1110 ii
320 1045 365 1114 eil
380 1048 480 1134 Ernst,
504 1069 598 1137 quem
611 1049 834 1116 Narbonensis
852 1071 977 1140 partem
992 1056 1041 1120 su·

63 1147 101 1194 cll
143 1149 309 1196 mmlanlns
1030 1165 1035 1171 “

114 1280 264 1358 CXLVIl.
298 1287 364 1352 Sed
385 1287 440 1354 alii
458 1289 722 1364 Narbonensem,
735 1261 743 1280 Ι
756 1305 790 1354 et
808 1291 909 1388 ipsam
928 1270 1035 1432 dupli·
1060 1311 1233 1383 puhmfi,

61 1391 139 1448 uem,
161 1374 203 1436 ita
219 1371 432 1454 dillinguuntt
460 1387 495 1434 ut
514 1371 668 1455 primam,
691 1371 854 1436 Cebennus
873 1371 972 1434 monti
997 1382 1150 1455 ueprius.

61 1455 94 1516 ab
107 1455 282 1540 Aquilone,
304 1453 481 1536 Pyrenaeis
499 1468 533 1516 et
549 1454 631 1518 nturi
648 1455 776 1520 Gallico
796 1475 812 1518 a
831 1452 970 1516 meridie
985 1453 1035 1514 in·
1108 1465 1111 1470 '

61 1537 186 1611 elusam,
219 1551 345 1624 septem
369 1535 545 1619 insigniant
568 1535 775 1602 civitatibus..
806 1541 885 1600 Nam
904 1549 1037 1620 praeter

60 1619 244 1704 metropolin
261 1616 538 1690 Narbonensium,
562 1616 711 1680 civitates
728 1617 760 1682 ei
777 1618 923 1680 tribuunt
936 1611 1041 1694 'Polo-¹

62 1701 182 1768 uatium,
212 1698 479 1772 Belerrensinm,
500 1697 731 1794 Agatensium
753 1699 1035 1771 Nemausensinm,

59 1781 346 1864 magalonensium,
368 1781 617 1854 Lutevensium,
641 1779 712 1842 sive
727 1779 857 1843 calinum
870 1779 1035 1852 Laterum,

57 1861 280 1938 Ucetiensium.
324 1861 504 1934 Secundam
524 1863 785 1935 Narbonensem,
815 1881 897 1946 quae
916 1861 1035 1945 allho·
1058 1881 1232 1953 Memfi,

58 1941 131 2004 dano
144 1941 278 2010 llumine
293 1963 396 2028 usque
410 1942 449 2004 ad
460 1943 579 2006 Varum
595 1963 710 2006 versus
723 1957 829 2006 ortum
842 1943 1035 2028 porrigitur,
1047 1951 1173 2011 sursus.

57 2025 215 2091 smeridie
241 2047 329 2090 mare
349 2025 506 2088 Gallicum
526 2021 640 2098 babet,
673 2027 727 2087 oui
746 2025 937 2108 metropolis
958 2024 1037 2086 olim

56 2105 176 2172 Arelate
194 2105 280 2182 suis,
311 2125 395 2172 nune
414 2107 613 2189 Aquensinm
634 2103 678 2168 eli
697 2107 831 2178 elvisus,
864 2125 1037 2189 serprse-
1075 2147 1080 2158 ι

57 2199 137 2250 terea
158 2181 310 2254 civitates
334 2185 561 2260 honestabunt,
589 2189 801 2274 Aptensium‚
829 2187 1034 2268 Rejensium,

58 2268 343 2412 F⁰¹¹J⁰i¹²lie¹¹⁸i¹¹¹1¹s
365 2271 636 2358 vapincensium,
658 2269 919 2356 Segellerorum,
941 2268 1036 2334 Anti-

57 2367 199 2438 polim&
296 2383 298 2392 ’

111 2509 280 2576 thv111.
308 2509 399 2574 Haec
424 2507 528 2574 ferme
549 2507 620 2574 fuit·
635 2509 829 2581 Galliarum,
858 2509 918 2572 sub
941 2507 1034 2570 initia
1063 2521 1181 2576 orestem

56 2589 391 2680 Constantinopolitani
409 2592 557 2677 imperii,
580 2591 777 2676 descriptio:
808 2589 864 2654 sed
884 2589 970 2652 idem
988 2591 1033 2651 si·
1045 2591 1206 2644 Gallicarum

56 2673 278 2758 turgentium,
300 2673 529 2760 plerarumque
551 2672 713 2736 civitatum
732 2671 844 2736 eadem
863 2673 956 2734 inille
975 2675 1178 2733 nomm·

53 2754 147 2830 mina,
170 2753 312 2818 Caesare
333 2753 453 2818 bellum
473 2767 625 2838 gerente,
647 2754 816 2818 videntur:
844 2769 1053 2839 quamquam¹

55 2835 187 2914 gentium
204 2855 380 2912 numerus,
403 2851 437 2898 ut
455 2828 664 2909 solitnmeli,
688 2850 865 2909 cresceret,
887 2849 940 2898 aut
954 2855 1032 2896 con-

53 2915 240 2984 traheretur.
283 2921 363 2982 Naso
383 2939 452 2988 ars,
482 2939 564 3002 quae
586 2941 603 2980 a
628 2915 672 2980 ud
693 2917 884 3000 Lugdunum
901 2911 1033 2998 Augilii

54 2999 191 3074 Caesaris
206 2997 285 3072 suit,
307 2999 555 3083 inscriptionem
569 2939 679 3062 hainin
692 2999 836 3082 gentium
851 2999 1032 3080 sexagintas

50 3097 104 3140 nec
116 3081 227 3146 multis
241 3077 311 3164 poll
325 3082 418 3144 annis
431 3081 601 3146 universae
611 3080 734 3142 Galliae
748 3093 884 3176 quatuor
899 3093 930 3142 et
942 3099 1032 3140 sena·

52 3161 128 3242 ginta
144 3161 297 3226 civitates
313 3161 571 3226 numerabantur.
607 3161 672 3226 Sed
685 3163 736 3246 Ap
760 3181 877 3234 nanum,
901 3161 955 3244 qui
972 3161 1032 3242 sub

51 3241 186 3306 Adriano
209 3243 350 3306 Caesare
374 3245 439 3304 scri
465 3243 523 3317 sit,
547 3258 676 3339 pacatus
696 3265 713 3306 a
732 3183 768 3308 d.
782 3243 869 3307 lulio
892 3243 1032 3327 populos

51 3325 322 3410 quadringentos,
351 3265 470 3410 oppida
491 3339 693 3408 octingenta,
722 3325 886 3388 tradidille
907 3337 1030 3468 putant.

49 3406 121 3468 llilti
140 3427 355 3469 numerorum
378 3409 485 3490 potius
508 3427 657 3483 errorem
679 3409 886 3469 intervenille
920 3407 1030 3490 iquet,
1120 3409 1130 3440 ’

50 3500 80 3548 ut
97 3509 157 3571 pro
172 3489 198 3544 ν’
213 3501 271 3550 ant
285 3487 311 3541 θ’
329 3489 528 3552 Graecorum
551 3488 663 3562 litera,
694 3509 827 3573 quarum
855 3489 909 3556 illa
936 3489 1031 3572 quin·
1125 3561 1131 3568 Ι

50 3571 215 3654 quaginta,
248 3567 329 3632 baec
350 3571 550 3654 septuaginta
574 3585 680 3643 notat,
710 3571 759 3644 ρ’,
788 3591 869 3656 quae
890 3567 934 3632 ell
953 3589 1032 3652 qua·

49 3651 295 3736 uringentorum
313 3663 408 3724 nota,
441 3667 565 3715 temere
584 3651 704 3737 scripta
719 3653 844 3717 lecture
862 3651 1030 3716 rideatur:

47 3731 140 3816 idque
154 3741 227 3796 tum
244 3751 285 3794 ex
300 3729 462 3796 consensu
480 3747 643 3808 veterum,
670 3749 737 3800 tum
754 3734 879 3816 adjecto
895 3753 1031 3800 numero

48 3813 263 3898 oppidorum,
286 3833 368 3898 quae
381 3827 486 3878 tantae
506 3816 649 3900 gentium
667 3816 865 3880 multitudini
878 3837 943 3902 pro
953 3835 1032 3900 por·

42 3895 128 3970 ¹tione
153 3917 277 3984 parum
299 3897 494 3983 respondet,
527 3895 611 3960 haud
634 3897 772 3964 diflicile
797 3897 952 3965 arbitratu
974 3893 1029 3960 eil.

74 4085 144 4166 Cap.
166 4057 328 4143 crievm.
355 4085 473 4168 Strabo,
487 4086 545 4154 li.
562 4105 622 4162 p.,s
645 4105 670 4144 s·
696 4087 783 4150 Serv.
798 4085 910 4148 bern·
926 4099 1027 4160 mano·
1054 4055 1077 4084 Α.
1099 4063 1102 4072 ¹

40 4149 165 4232 lppran.
186 4153 270 4214 crit.
288 4165 319 4212 et
332 4152 369 4212 de
384 4155 418 4212 B.
433 4155 522 4216 crnl.
534 4174 564 4218 s·
581 4105 691 4238 pods&
838 4169 847 4176 ”
973 4169 981 4190 ‘

1157 4165 1173 4208 i
