2680 4690
236 297 299 404 'm
318 294 468 360 uocum
486 296 568 358 ara.
589 262 702 364 ircvt.
721 299 833 374 urvtt
974 299 1035 374 355

47 423 373 452 ι-ἰ-ι--ιι-

102 497 204 564 xvu.
238 499 305 562 Sed
325 519 435 562 earum
450 500 570 564 multae
588 521 661 564 cum
679 503 899 567 exsecratione
916 473 1035 573 nefarii
1063 517 1205 576 ussus,

44 581 201 652 bominis,
231 582 330 645 millis
350 581 390 642 ad
411 581 576 644 Metellum
594 585 825 670 Pompeiumte
844 587 977 669 legatis,
999 589 1034 648 in
1062 591 1195 655 Μαι.

44 662 137 724 fidem
162 665 381 727 Romanorum
404 681 545 726 venera:
580 667 771 748 praesertim
798 665 874 740 ulti,
905 681 1032 752 sumpto
1064 658 1218 781 mula?-

43 744 200 888 properio,
224 747 392 840 Perperna
410 742 512 808 statim
529 745 673 808 crudelis
692 749 850 890 apparuit,
865 747 980 810 tribus
992 749 1031 810 il·
1044 731 1073 784 Μ’

55 849 72 886 u

61 853 62 856 ’
100 825 191 886 ΓΜ
211 827 313 901 Vim,
337 825 392 910 qui
412 845 474 888 una
492 845 533 888 ex
551 827 633 888 urbe
652 849 713 914 pro
730 843 883 914 egerant,
904 829 1032 891 fratris·
1046 795 1220 946 fflssfussm

43 928 102 990 que
119 905 202 978 lilio,
224 906 418 972 interiectis.
462 908 565 990 lgitur
582 909 745 984 Metellus,
768 909 919 972 adversus
939 913 1034 974 talem
1045 931 1200 991 mum.

42 987 162 1050 holtam
180 985 306 1051 duobus
326 985 523 1054 exercitibus
541 1008 611 1052 rem
629 1003 693 1054 non
711 993 860 1076 indigere
877 990 1033 1072 judicans,

44 1069 201 1132 diversam
216 1069 391 1155 Hispaniae
413 1083 539 1168 partem
560 1071 693 1135 interim
708 1089 899 1159 paraturus,
922 1073 1034 1146 debel-

43 1149 171 1214 landum
188 1153 346 1237 Pompeio
367 1151 513 1236 reliquit.

96 1279 215 1347 xvttt.
246 1285 334 1346 luter
352 1282 413 1345 hos
431 1301 492 1368 per
508 1284 632 1370 aliquot
649 1279 720 1347 dies
739 1281 869 1348 levibus
885 1285 1033 1355 certami-
1063 1309 1198 1382 pm„

42 1361 136 1424 nibus
163 1383 260 1448 quum
284 1377 424 1428 tentatae
443 1368 606 1450 utrimque
626 1365 714 1428 vires
733 1365 895 1452 animique
915 1367 1032 1444 client,
1046 1383 1178 1436 eluitur.
1309 1368 1313 1380 '

43 1443 167 1506 decima
182 1445 237 1506 die
255 1447 380 1509 collatis
399 1447 503 1530 signis
517 1447 711 1509 dimicatum.
733 1449 842 1511 neutri
860 1449 946 1512 enim
963 1449 1035 1510 diu·
1155 1520 1161 1532 .

42 1527 102 1586 tius'
123 1547 196 1588 rem
214 1525 342 1589 dilierri
359 1528 521 1613 placebat,
550 1527 637 1614 qnod
648 1529 847 1612 Perpernam
859 1533 939 1591 Pom
966 1530 1035 1609 ejus

43 1623 233 1690 spernerem
262 1611 448 1693 Perperna,
473 1609 577 1673 donec
597 1609 631 1670 iu
648 1607 761 1669 cilicio
779 1611 899 1673 milites
915 1553 1035 1684 edent,

43 1707 156 1753 eorum
173 1689 326 1751 utendum
342 1711 442 1774 opera
456 1691 679 1754 arbitraretur.
711 1689 775 1752 Sed
793 1711 829 1753 ea
846 1711 963 1778 pugna,
984 1706 1035 1754 te·

42 1791 130 1833 mere
156 1791 175 1832 a
196 1774 362 1856 Perperna
384 1771 563 1847 commill'a,
595 1773 727 1855 dignum
750 1775 892 1835 auctoris
912 1775 1035 1858 impru-

43 1851 150 1914 dentia
177 1854 297 1915 exitum
319 1853 439 1916 habuit.
482 1859 626 1939 Namque
649 1853 840 1936 Pompeius,
868 1867 960 1938 perte
980 1869 1036 1916 co·

66 1935 167 1996 iarum
188 1934 315 1996 idoneis
334 1934 416 1997 locis
437 1935 608 2000 subsidere
625 1932 719 2014 julla,
750 1953 821 1996 cum
845 1934 959 1998 decem
979 1955 1036 1998 co-

42 1953 191 2078 ionibus
218 2015 387 2100 prooeffitt
421 2037 554 2100 eamque
578 2017 668 2080 velut
692 2011 796 2077 escant
821 2029 856 2079 ut
876 2017 1036 2097 objiceret

42 2094 139 2168 holli,
173 2099 292 2183 sparsit
317 2117 377 2180 per
403 2115 550 2182 campum
575 2117 670 2169 suos,
701 2109 734 2158 et
752 2099 951 2181 Perpernam
976 2117 1036 2181 spe

43 2173 137 2258 hujus
158 2177 390 2264 opprimendae
409 2199 519 2241 manus
539 2179 653 2242 illexit.
702 2179 748 2240 lta
770 2193 937 2242 contracto
964 2199 1037 2242 cer·-

42 2257 467 2404 liltltlltitt'llt
478 2257 1038 2428 ,ilditillli‘tltlllll

41 2423 150 2498 tibus,
181 2425 238 2522 qui
260 2437 351 2485 arant
371 2423 541 2502 occultati,
573 2417 747 2490 conversus
766 2423 974 2488 Sertorianos
996 2423 1038 2487 ad

43 2503 306 2568 internecionem
325 2503 456 2568 eecldit.

101 2634 193 2703 xlx.
225 2635 444 2720 Perpernam,
476 2655 573 2720 quum
597 2655 634 2700 sa
659 2657 725 2701 non
753 2631 867 2700 minus'
884 2655 1036 2709 suorum,
1067 2637 1103 2690 0⁰
1123 2647 1224 2718 torm·

46 2736 141 2800 quam
165 2715 318 2792 hostium,
348 2731 435 2779 metu
460 2717 495 2778 ln
519 2718 663 2782 sentibus
687 2717 874 2792 abdiditret,
909 2715 1091 2800 quidecim
1103 2705 1190 2759 alm·

44 2801 177 2882 equites
204 2809 428 2876 retraxerunt;
458 2796 579 2884 probra
606 2799 758 2886 dirasque
784 2795 1037 2871 cumulantibus,

44 2882 103 2964 qui
120 2879 381 2953 comidebant,
411 2879 629 2956 Sertorianis,
664 2881 737 2964 quod
759 2879 833 2941 borno
858 2877 937 2938 nilils‘
955 2895 1039 2959 prse-

34 2961 235 3042 jtmmffimum
256 2969 347 3022 uirum
366 2961 448 3036 dolo,
470 2979 571 3022 ceteros
591 2983 680 3024 currus
696 2965 832 3044 imperitia
850 2979 878 3020 et
887 2947 1042 3036 stoliditate
1129 3025 1131 3030 ,

39 3039 218 3124 perdidisset.
261 3042 304 3106 At
326 3041 383 3105 ille
401 3041 483 3104 nibil
500 3041 604 3117 aliud,
635 3063 728 3128 quarn
745 3057 782 3106 ut
799 3041 905 3104 salvus
923 3037 964 3102 ad
980 3035 1041 3102 im·

39 3135 235 3210 pecatorum
254 3123 488 3200 deduceretur,
512 3123 696 3208 postulabat.
718 3125 813 3185 hum
831 3128 901 3182 euim
912 3121 944 3204 se
958 3125 1040 3204 priu-

39 3211 133 3288 cipum
150 3209 331 3268 boematum
347 3207 462 3282 literas,
484 3205 578 3287 quibus
594 3207 734 3268 Sertorius
752 3209 781 3264 iu
804 3202 917 3264 Italiam
938 3206 1040 3265 occire-

39 3307 105 3350 tur.
147 3288 199 3351 ibi
223 3287 466 3374 prudentillime
492 3285 715 3374 praesentibus
743 3283 834 3348 ulum
858 3283 922 3346 ell‘e
942 3285 1041 3346 Pom·

37 3370 153 3453 pejunt
181 3373 281 3433 Roma
302 3370 473 3452 judicavit,
506 3367 610 3466 quod,
639 3367 827 3453 priusquam
847 3367 881 3428 in
901 3383 1041 3450 conspe·
1112 3403 1117 3432 ι

40 3465 132 3512 ctum
158 3452 293 3515 veniret
308 3455 493 3536 Perperna,
523 3450 608 3532 pellit
630 3449 794 3512 bominem
812 3445 938 3511 occidit
968 3446 1041 3531 epi-

37 3531 141 3594 llnlas
163 3553 272 3616 neque
290 3534 371 3618 legit
391 3532 471 3617 ipse,
494 3552 600 3618 neque
621 3531 776 3616 legendas
794 3527 959 3602 concellit,
982 3521 1041 3591 sed

38 3613 205 3677 condano
230 3615 385 3678 cremarit
405 3633 537 3692 omnes;
568 3631 672 3698 eoque
696 3613 783 3684 facto
806 3631 961 3674 novarum
986 3629 1040 3673 re·

37 3715 122 3757 rum
148 3697 310 3780 upprcllis
336 3696 529 3770 seminibus,
559 3707 689 3757 terrore
705 3707 801 3778 atquc
819 3689 1041 3756 sollicitudine

37 3777 174 3862 ingenti
201 3777 384 3862 respublica
406 3777 541 3840 liberata
561 3773 615 3839 att.
665 3780 780 3859 Neque
801 3787 906 3837 tamen
924 3773 1039 3850 ‹leitte-¹

37 3875 140 3934 runt,
162 3859 224 3944 qui
241 3874 429 3944 carperent,
452 3858 524 3941 quod
535 3857 684 3932 muricem,
711 3855 805 3918 cicilia
819 3855 876 3937 stite
894 3859 1042 3916 certamine

80 4045 261 4121 Capllvll.
279 4045 366 4100 Oros.
383 4045 461 4100 Plut.
480 4044 502 4099 t
526 4043 605 4116 pitu.
640 4039 830 4126 dspxlllll.
846 4010 923 4096 Plut'.
934 4039 1038 4110 Pomp.

38 4119 138 4172 Oros.
156 4115 233 4171 Plut.
253 4115 368 4170 sertor.
405 4117 477 4186 Cap.
526 4117 561 4170 x.
581 4115 705 4188 Appiam.
722 4111 799 4167 Plttl.
815 4111 918 4184 Pomp.
935 4109 1041 4166 etser-

39 4197 112 4244 ων.
131 4185 258 4260 Appiun.
278 4181 356 4239 Plut.
371 4183 474 4256 Pomp.
496 4181 601 4254 Supra,
616 4183 660 4255 89,
675 4199 700 4239 s.
754 4251 785 4322 Ζ

804 4275 824 4324 Ι
