2680 4690
309 261 370 342 sne
423 259 622 325 neutrae.
639 253 1061 326 corrnennnronuu
1075 255 1273 320 msnxm.

148 463 183 521 U·
196 482 222 520 θ·
235 467 298 525 682·
311 467 516 540 tolerassent,
550 465 604 528 vel
628 465 667 527 ab
686 465 751 528 nris
774 475 808 526 et
826 462 1007 528 simulacris
1025 465 1201 530 abstractos
1221 467 1300 550 ingu-

148 533 281 606 A'⁰⁸70·
312 553 430 616 labant.
467 569 532 634 qno
552 560 641 610 metu
656 559 881 632 magnopere,
913 567 974 632 per
994 551 1123 612 moenia
1143 549 1300 622 desiliens,

180 643 186 664 ⁸
314 655 377 720 per
392 631 573 692 univcrl'ann
589 631 769 714 regionem,
792 641 828 689 ut
845 628 985 712 quisque
1000 631 1140 694 latebras
1160 652 1301 718 sperare-

314 729 383 788 rat,
406 713 554 797 dilllpata
566 710 633 786 eit,
655 725 709 774 eut
725 705 771 772 ‘ad
790 714 902 772 Cottae
925 709 1022 773 casira
1042 713 1202 800 perfugit.
1243 715 1299 786 llle,

314 797 472 859 hactenus
489 794 551 866 rei,
575 813 673 892 quum
693 807 816 880 captam
833 792 947 854 urbem
963 791 1190 880 direptamque
1207 816 1247 857 ex
1260 795 1301 855 his

244 931 251 946 ,
310 876 496 948 didicisset,
518 875 565 937 irs
582 881 727 940 tremens
744 873 867 938 excivit
883 877 1073 951 exercitum,
1095 879 1301 962 protinusque

312 956 484 1024 contendit
501 956 543 1019 ad
560 959 693 1032 urbem,
722 975 860 1042 poenam
880 969 1066 1039 sumpturus
1086 981 1103 1020 a
1120 959 1270 1030 Triario,
1288 981 1302 1019 s

313 1062 380 1134 quo
402 1041 483 1103 esset
502 1052 537 1104 et
553 1041 734 1102 Heracleae
752 1035 929 1121 capiendae
950 1036 1128 1120 gloria,'ct
1147 1041 1302 1103 manubia-

311 1139 386 1184 rum
405 1121 545 1184 utilitate
564 1123 738 1205 spoliarunt
766 1118 1023 1202 concursumque
1043 1121 1198 1185 civilibus
1216 1123 1301 1186 mmis

311 1203 420 1279 soret3
450 1201 516 1264 nisi
527 1203 688 1276 Trinrins,
711 1203 804 1264 Cotta
817 1200 1029 1284 exercituque
1045 1203 1156 1266 multis
1169 1203 1301 1267 lenibus-

314 1305 379 1370 que
395 1283 505 1346 verbis
520 1283 658 1366 placeto,
680 1282 832 1366 praedam
852 1301 1052 1370 communem
1071 1286 1222 1348 omnibus
1238 1287 1300 1347 sore

315 1365 550 1450 spopondisset.
602 1366 659 1430 Sic
680 1365 901 1447 redintegrata
920 1365 1079 1440 amicitie,
1113 1387 1211 1450 quum
1227 1371 1301 1428 'sion

315 1462 351 1512 et
371 1443 531 1512 Amastrin
557 1447 596 1508 ub
614 1447 840 1528 Connecorige
862 1445 971 1510 teucri
992 1445 1197 1523 didicissent,
1220 1449 1302 1511 Tria-

314 1530 408 1600 rius,
430 1529 464 1590 in
484 1524 571 1590 ittam
589 1528 832 1612 expeditionem
851 1527 1038 1610 proiectus,
1061 1545 1235 1615 utrumque
1253 1551 1302 1615 op·

314 1611 445 1696 pidum,
468 1623 563 1694 pecto
582 1629 733 1676 securum
751 1609 1127 1697 obitumsonoacorige,
1151 1613 1242 1678 nullo
1254 1635 1303 1676 ne·

314 1693 405 1776 gotio
425 1691 564 1774 recepit.
817 1723 821 1728 -

149 1853 228 1904 cm,
241 1865 299 1904 Μ,
374 1825 460 1890 xvi.
491 1825 581 1886 luter
598 1823 680 1886 hacc
700 1823 792 1886 Cotta
812 1821 958 1908 captivos
971 1823 1255 1898 Heracleotarum,
1273 1839 1302 1887 et

123 1920 221 1974 daliter
233 1931 298 1974 res.
313 1907 371 1996 qni
389 1928 501 1976 eorum
521 1905 561 1967 nd
580 1925 616 1968 se
633 1903 863 1990 perfurerant,
892 1905 1055 1980 retinens,
1083 1905 1259 1969 crudeliter
1274 1921 1302 1968 et

101 1991 408 2060 tvssrmfltrt‘levare
436 1987 661 2074 praesentibus
686 1953 853 2057 utebatur,
886 1987 1036 2048 omnibus
1064 1987 1209 2072 abreptis
1234 2005 1303 2051 teni-
1331 2065 1332 2068 Ἴ

117 2056 278 2114 affluam·
313 2073 443 2160 plorum
460 2069 617 2142 donariis,
642 2068 889 2152 sintulecriqque
904 2069 1082 2145 numinum,
1104 2083 1139 2130 ut
1156 2071 1303 2132 neclier-

315 2153 381 2216 culi
398 2165 606 2238 parceretur,
628 2150 682 2210 cui
705 2166 827 2210 sacrem
851 2150 966 2211 urbem
989 2171 1097 2226 suam,
1120 2151 1204 2214 etin
1224 2154 1302 2214 illius

314 2236 474 2298 honorem
492 2231 615 2295 oraculi
635 2229 715 2310 jussu
732 2231 892 2292 conditam
908 2233 1135 2297 Heraclienses
1154 2231 1302 2296 serebant.

231 2361 233 2368 ,
317 2316 397 2394 Eius
417 2315 562 2398 effigiem
581 2313 759 2394 antiquitus
778 2314 876 2374 telem
895 2315 1086 2400 posuerant,
1120 2329 1156 2378 nt
1174 2315 1305 2378 nihilad

319 2399 469 2458 summum
497 2392 768 2477 magnificentiam
797 2397 1004 2480 pretiumque
1034 2417 1070 2459 ac
1098 2397 1304 2480 pulchritudi-

317 2498 392 2540 nem
408 2477 471 2539 reli
496 2497 570 2537 uum
588 2473 765 2536 videretur.
810 2477 938 2538 Claram
953 2477 1145 2540 addiderunt
1161 2500 1238 2539 suro
1251 2480 1303 2539 ub-

317 2559 390 2622 rizo
407 2497 560 2621 solisam:
584 2569 617 2618 et
633 2577 673 2618 er
691 2555 807 2618 ecdem
824 2557 955 2619 metallo
972 2561 1134 2624 leoninam
1150 2560 1305 2644 ingentem

317 2638 487 2714 linxerant,
511 2641 704 2724 plenamque
722 2639 848 2722 sagittis
866 2637 1060 2722 pharetram.
1090 2643 1181 2704 llaec
1200 2657 1231 2704 et
1250 2644 1305 2704 slis

318 2745 416 2807 quum
437 2721 475 2784 ad
496 2741 593 2784 naves
616 2720 829 2816 deportasset,
856 2720 948 2800 injici
966 2721 1061 2784 tectis
1084 2723 1193 2806 ignem
1209 2723 1305 2804 jullit:

345 2823 385 2864 uo
401 2805 577 2888 pleraeque
597 2802 689 2864 urbis
707 2801 861 2886 regiones
880 2801 1129 2888 conflagrarunt.
1170 2805 1233 2868 llic
1247 2803 1306 2866 luit

353 2886 543 2948 eracliensis
563 2883 745 2948 obsidionis
759 2884 881 2966 exitus,
904 2884 1040 2948 alterum
1058 2885 1093 2947 in
1107 2909 1221 2950 aunum
1233 2907 1304 2973 pro-

318 2979 451 3032 tractae.
777 2983 780 2988 '

175 3105 287 3179 lissum
379 3101 480 3166 XVll.
508 3101 618 3174 Cotta,
647 3099 748 3162 millis
775 3100 815 3164 ad
838 3101 1012 3174 Lucullus,
1051 3101 1108 3184 qui
1136 3102 1250 3165 iterum
1274 3104 1306 3163 in

133 3177 303 3246 proficiscens
316 3185 457 3246 Pontum
476 3183 643 3258 movebat,
675 3181 865 3246 cohortibus
885 3183 1023 3268 aliisque
1038 3183 1210 3258 Romanis,
1236 3207 1306 3270 per·

135 3255 187 3296 ''¹''
207 3245 298 3308 ‘sm'
307 3265 474 3350 milleque
493 3266 612 3337 sociis,
636 3277 672 3326 ut
691 3285 780 3326 suem
798 3266 936 3360 quisque
956 3263 991 3327 iu
1010 3263 1147 3346 patriam
1168 3281 1305 3330 reverte·

133 3325 256 3386 ΨΜ·
315 3361 450 3420 rentur,
471 3367 545 3410 cum
563 3346 657 3408 classe
672 3347 806 3408 Romam
828 3345 962 3408 instituit
976 3348 1050 3408 iter.
1088 3346 1147 3410 aed
1166 3369 1239 3430 pars
1257 3371 1307 3408 na·

316 3427 405 3492 vium
434 3447 534 3491 onere
564 3442 713 3509 gravata,
750 3447 846 3512 quum
870 3427 954 3488 haud
978 3427 1094 3512 procul
1119 3429 1218 3508 litore
1259 3449 1307 3492 ro·

197 3561 202 3570 .
249 3567 256 3580 ,,
316 3511 463 3580 cellillet,
486 3507 646 3570 subsedit:
668 3510 747 3570 alias
761 3507 875 3572 ssantes
893 3507 980 3570 sorte
993 3508 1176 3593 Aquilones
1191 3513 1225 3574 iu
1237 3454 1308 3573 hre-

313 3593 366 3654 via
383 3589 625 3676 compulerunt,
652 3605 687 3654 ut
703 3591 814 3654 iacere
833 3589 987 3670 jacturam
1005 3607 1216 3674 cogerentur.

161 3729 298 3816 Mirr
377 3721 493 3788 XVlll.
523 3723 631 3820 Quum
653 3723 697 3786 ita
716 3722 862 3809 qnotidie
887 3723 920 3783 in
943 3722 1090 3820 deterius
1112 3745 1168 3786 res
1186 3723 1310 3818 Mithri·

138 3799 303 3873 Suspensi·
317 3803 401 3866 dutis
429 3819 583 3880 ruerent,
621 3819 727 3868 motus
755 3806 874 3866 iterum
895 3823 938 3866 ex
954 3804 1033 3866 Asia
1055 3807 1211 3872 Lucullus
1233 3805 1310 3868 vah-

126 3869 216 3926 ·“m
316 3885 391 3948 dius
413 3905 468 3948 eas
490 3886 636 3971 impulit,
665 3887 713 3949 ira
733 3907 862 3972 quoque
883 3888 1067 3970 inlligaute,
1091 3889 1133 3952 ob
1156 3889 1309 3974 superbas

319 4011 657 4034 mauu-...Q

316 4051 425 4196 eriis
444 4075 522 4135 m·
541 4075 640 4134 Μὴ·
659 4075 702 4148 '⁶‘
715 4075 744 4133 ³·
762 4076 913 4134 M⁰¹¹¹¹¹⁰¹¹·
950 4075 1025 4150 cap.
1040 4077 1151 4136 xvm.
1167 4077 1242 4133 rius.
1256 4077 1306 4130 nu.
