2666 4688
299 295 339 362 7⁰
361 277 642 348 Frumentum
656 273 1070 344 SUPPLEMENTORUM
1077 273 1153 388 late.
1166 271 1291 336 ant.

53 493 59 510 ⁸
136 477 286 552 U·⁰·⁶⁶A·
307 502 342 552 et
365 487 404 552 ab
426 471 769 561 internuntius,
799 499 832 552 et
852 483 937 574 apud
956 486 1113 572 populum
1133 488 1327 552 Romanum

128 547 264 614 A‘W·
308 569 393 638 fides
434 590 528 632 caros
556 569 799 654 honoratosque
839 565 1008 654 praestitit.
1062 573 1141 634 Nam
1170 567 1326 640 Rhodii,

291 651 481 722 ,moenibus
506 650 731 740 portubusque
760 651 986 725 communitis,
1031 650 1195 714 machinas
1230 647 1326 712 locis

306 733 504 823 opportunis
532 732 725 822 frequentes
753 746 997 820 opposuerunt,
1037 731 1323 798 aTelmissensi·

183 808 186 818 ¹
303 815 365 880 bus
395 813 587 900 quibusdam
618 829 651 880 et
674 813 783 898 Lyciis
807 809 918 894 adjuti.
961 817 1180 877 Romanorum
1213 813 1325 876 etiam

306 897 467 970 omnium,
501 898 558 982 qui
576 897 681 963 vitare
699 895 926 960 crudelitatem
948 895 1168 958 Asiaticorum
1191 909 1324 980 potue-

302 993 400 1056 runt,
431 977 665 1064 interqua⁰aos
686 980 725 1046 L.
741 977 855 1056 estrat,
890 977 955 1068 qui„
969 979 1149 1068 proconsul
1166 993 1242 1046 erat
1274 979 1324 1038 A·

304 1061 395 1136 aiae,
418 1075 572 1149 receptus
592 1059 666 1126 fuit.

134 1182 286 1242 ertrlda-
365 1167 467 1236 XVII.
497 1167 541 1234 At
568 1165 793 1237 Mithridates,
822 1161 962 1230 instituta
985 1164 1019 1226 in
1045 1165 1146 1236 Coum
1173 1169 1325 1254 naviga.

105 1266 144 1306 m
159 1255 280 1314 lacem
302 1247 416 1322 tione,
446 1261 598 1336 prompte
623 1261 794 1334 susceptus
816 1247 855 1310 ab
878 1245 1072 1332 oppidanis,
1107 1249 1323 1331 Alexandri,

105 1323 232 1398 nauigat·
300 1331 357 1420 qui
377 1351 483 1415 nuper
501 1330 534 1396 in
555 1332 703 1416 Aegypto
720 1341 934 1414 regnaverat,
957 1325 1059 1393 fitium
1077 1329 1231 1408 abduxit,
1260 1357 1324 1399 re.

322 1411 421 1502 ioque
461 1433 571 1478 secum
594 1413 683 1478 cultu
701 1409 824 1477 habuit:
867 1408 935 1474 Sed
954 1431 994 1474 ex
1017 1411 1199 1490 thesauris,⁵
1226 1437 1325 1504 quos

297 1432 423 1562 ibidmu
446 1496 517 1561 avia
533 1495 630 1582 pueri
655 1491 827 1578 Cleopatra
847 1505 1021 1576 posuerat,
1044 1514 1175 1578 magnas
1200 1517 1324 1584 opes,

297 1573 521 1662 mundumque
540 1575 751 1649 muliebrem,
775 1589 809 1638 et
827 1575 889 1640 alia
914 1573 1037 1657 lapillis
1059 1589 1113 1640 aut
1135 1593 1206 1640 arte
1229 1604 1326 1668 pre.

297 1657 404 1732 tiore,
429 1659 637 1746 signataeque
663 1659 823 1746 pecuniae
841 1657 908 1726 rim
931 1655 1064 1723 minime
1087 1663 1328 1744 spernendam

297 1737 333 1806 ln
368 1742 508 1806 Pontum
539 1741 683 1808 mittere
699 1760 766 1806 nou
794 1735 838 1808 att
867 1735 1017 1802 oblitus·
1041 1741 1179 1826 Reperit
1209 1747 1328 1816 etiarn

298 1819 423 1888 ibidem
451 1823 593 1920 pretium
623 1823 818 1889 talentorum
843 1822 1106 1904 octingentorum
1132 1823 1168 1887 in
1208 1847 1323 1906 auro,

299 1901 388 1992 quod
407 1904 545 1970 Asiatici
563 1903 701 1977 ludaei,
723 1915 759 1968 ut
781 1902 1041 1998 Hierosolymam
1062 1921 1326 1990 exportaretur,

299 1985 519 2070 collegerant3
560 1985 702 2062 deinde,
740 1985 816 2068 quia
844 1983 1067 2052 mithndareu
1094 1990 1326 2072 metuebant,

300 2066 386 2156 apud
407 2069 512 2144 Coos,
534 2082 694 2158 tamquam
712 2067 867 2135 tutill'uuo
885 2069 977 2143 loco,
1000 2066 1238 2156 deposuerant.

162 2153 284 2248 diadem
363 2174 477 2241 xvttt.
500 2175 600 2242 Omni
624 2176 813 2242 continente
838 2171 948 2248 Adae,
979 2173 1162 2261 insulisque
1185 2179 1224 2248 in
1251 2208 1329 2270 po.

119 2235 231 2301 ΨΜ·
300 2251 445 2322 testatam
465 2257 627 2332 redactis,
651 2279 749 2346 quum
776 2255 844 2322 sola
863 2255 999 2323 Rhodus
1016 2257 1203 2335 resisteret,
1227 2271 1328 2334 totis

300 2336 430 2404 viribus
462 2339 496 2405 iu
527 2340 802 2424 oppugnationem
832 2338 902 2422 ejus
931 2338 1022 2404 urbis
1048 2360 1106 2404 rex
1142 2339 1328 2416 incubuit.

301 2419 371 2486 Jans
397 2434 471 2484 ante
490 2422 602 2520 plures
629 2423 662 2508 iu
684 2419 770 2488 bunc
786 2442 880 2488 usum
898 2441 997 2488 naves
1018 2421 1226 2492 fabricandas
1257 2455 1328 2498 cu.

300 2513 442 2566 raverat.
465 2503 517 2570 bas
540 2501 718 2588 perlectis,
743 2523 816 2567 cum
833 2501 961 2588 ingenti
981 2501 1076 2567 clalra
1100 2505 1141 2568 ad
1164 2509 1328 2586 insulam

301 2595 353 2648 est
378 2583 545 2653 advectus.
588 2585 710 2652 libadii
735 2583 874 2657 dirutis,
902 2605 944 2652 ne
970 2607 1032 2672 qua
1053 2583 1196 2656 hostibus
1215 2597 1328 2680 adju.

299 2679 411 2731 mento
435 2667 564 2741 forent,
602 2666 786 2741 suburbiis,
818 2688 890 2732 suas
943 2687 1050 2750 uoque
1072 2677 1328 2744 navesinttru-

299 2762 434 2822 xerunt,
478 2750 522 2815 ita
548 2749 687 2817 formata
712 2751 802 2822 acie,
837 2763 873 2812 ut
896 2749 976 2815 altae
1009 2767 1096 2816 recta
1122 2753 1156 2818 in
1181 2757 1328 2830 hostem

300 2826 490 2907 ferrentur,
518 2831 600 2900 aliae
619 2855 637 2896 a
652 2831 810 2895 lateribus
827 2829 976 2908 facerent
996 2831 1172 2918 impetum„

364 2913 450 2981 xnt.
475 2913 542 2980 aad
563 2912 790 2990 Mithridates,
814 2935 887 2978 cum
908 2913 1136 2998 quinqueremi
1160 2943 1219 2984 sua
1242 2929 1327 2990 cir.

300 3011 511 3069 eumentes,
541 2996 871 3086 praecipiebamus,
907 2995 996 3059 utin
1021 2997 1119 3060 altum
1141 3007 1327 3073 recedens.

298 3087 351 3140 tes
384 3077 608 3174 producerent
643 3099 766 3156 cornu,
811 3076 978 3160 celerique
1011 3077 1132 3143 deinde
1161 3092 1327 3174 remigio

325 3176 474 3224 auctores
493 3161 699 3231 Rhodiorum
717 3183 816 3228 nares
833 3159 1327 3244 circumventaeinoluderent,

298 3177 357 3314 id,
387 3241 577 3328 priusquam
615 3241 727 3318 fieret,
760 3243 920 3342 auspicata
958 3239 1062 3308 classis
1080 3246 1327 3320 ttthodiorum

205 3393 207 3398 Ι
301 3324 460 3394 sensime
483 3327 614 3416 proelio
643 3347 679 3396 se
709 3339 855 3426 recepit:
889 3343 982 3398 mox,
1013 3325 1164 3412 expansis
1198 3336 1307 3402 velis

296 3403 421 3490 refugit
455 3409 491 3476 iu
523 3421 665 3496 portum.
708 3413 866 3474 Ponttcos
904 3405 1060 3471 celeriter
1087 3409 1326 3498 insequente:

298 3485 450 3582 'opposita
466 3489 599 3558 claustra
617 3490 857 3580 prohibuerunt
873 3489 1034 3572 ingrcllu:
1058 3489 1152 3558 simul
1173 3517 1192 3556 a
1214 3519 1326 3566 moe*

297 3567 395 3634 tubus
417 3569 612 3638 ballistarum
639 3574 914 3716 scorpionuquue
941 3571 1018 3635 telis
1043 3574 1139 3658 petiti
1159 3583 1326 3650 recell'e,¹

297 3663 385 3716 runt.
428 3653 480 3714 Ab
499 3653 563 3718 hoc
579 3668 728 3740 tempore
746 3655 860 3724 Mitbri
884 3667 971 3728 ates,
1009 3653 1114 3718 donec
1133 3657 1326 3744 pedestres

298 3731 415 3819 copiae
432 3733 652 3812 advenissent,
674 3738 916 3822 oppugnatione
932 3735 1102 3802 abstinuit:
1123 3739 1213 3806 levia
1239 3759 1326 3814 tent

298 3827 366 3880 tum
387 3818 561 3882 certamina
589 3817 630 3882 ad
652 3839 763 3884 muros
782 3817 910 3884 flebant.
956 3821 1074 3904 quibus
1106 3821 1326 3912 plerumque

298 3898 490 3987 superiores
515 3899 658 3976 Rhodii,
700 3899 803 3986 inagis
829 3899 996 3988 magisque
1025 3901 1325 3978 confirmabantur

303 4039 306 4044 Ι
327 4086 399 4159 Cap.
415 4039 513 4140 xvn}
527 4087 665 4142 Straboa
687 4083 728 4140 ud
741 4085 872 4159 loseph„
883 4081 924 4154 ai.
945 4106 984 4144 ta.
1000 4087 1062 4145 Cic.
1078 4107 1146 4164 pro.
1163 4091 1296 4154 Flacco

296 4171 322 4214 o·
339 4156 380 4219 πθ.
397 4155 517 4233 loseph.
553 4155 626 4236 cap.
645 4103 752 4218 xbul.
766 4156 831 4216 Lir.
852 4157 931 4239 Epit.
947 4157 1077 4232 Appian.
1306 4141 1325 4176 ¹
