2680 4690
171 290 266 368 ,ru
289 285 681 357 succurrerem.
700 290 815 356 lell.
963 287 1024 352 sas
1141 371 1148 382 „

566 423 1020 440 mnu—m

50 499 129 560 multi
154 498 314 582 quoslibet
335 499 469 582 angulos
489 517 561 560 cum
580 495 704 558 lacibus
723 494 956 580 perscrutando
974 498 1023 558 ul·
1053 489 1197 584 &⁰:⁶8²

50 595 97 641 tro
118 579 347 644 succenderent
368 579 484 652 aedes,
511 581 742 663 ingentemque
761 578 794 636 in
808 579 894 639 ¹urbe
914 580 1023 661 paullo
1053 561 1090 616 Α·
1104 565 1137 617 ⁴¹·
1152 581 1197 632 7⁰·

50 675 115 724 ante
132 663 381 746 frequentillima
405 659 580 724 vastitatem
603 660 761 722 facerent.
811 661 939 724 Idcirco
963 681 1023 744 pc·

50 741 147 805 liridie
168 744 325 826 iugrellus
348 743 462 805 urbem
478 741 633 805 Lucullus
654 761 719 803 non
740 743 845 804 tenuit
865 744 1025 816 lacrimas,
1112 797 1113 800 ,

50 825 180 910 dixitque
199 823 330 898 amicis,
352 825 432 906 saepe
441 822 496 906 fibi
507 823 762 906 fortunamSallae
778 824 965 886 admirabilem
981 830 1027 886 ci·

46 908 116 988 piar,
135 931 161 967 ec
175 911 288 968 maxim
303 907 377 988 qaod
391 907 512 968 Arbraas
544 924 656 978 errare,
677 923 760 986 quara
776 903 871 979 vellet,
893 911 1025 986 pomerii.

46 987 88 1070 se,
115 1004 200 1069 parem
216 985 334 1070 gloriam
355 1007 449 1072 magno
461 987 489 1066 st
529 991 555 1046 io
572 1003 755 1068 expetentem,
781 988 819 1047 ml
837 989 873 1049 L.
893 988 1027 1048 Mummii
1103 995 1105 1000 ’
1171 1060 1174 1068 s

45 1071 137 1152 firmem
159 1070 289 1140 detrudi,
320 1085 354 1128 at
373 1068 482 1152 eversor
500 1071 591 1150 perias
610 1085 770 1150 magnorum.
785 1068 913 1142 arbium,
946 1088 1028 1149 qaam
1250 1081 1255 1090 '
1316 1069 1319 1081 '

45 1149 177 1234 servetur,
204 1151 387 1231 praedicetur.
437 1152 527 1212 Bona
555 1163 661 1212 tamen
689 1170 766 1232 pars
790 1150 883 1212 urbis
912 1171 969 1217 ere
994 1163 1027 1212 ta

49 1229 172 1294 dammis
187 1229 230 1294 ell
245 1231 375 1316 pluviae
390 1230 608 1302 milleratione,
621 1251 706 1372 (puae
721 1246 924 1316 opportunae
935 1172 1028 1296 velut
1162 1299 1165 1306 ,

50 1333 85 1376 ex
108 1313 247 1376 machina
267 1313 431 1396 prorupit.
473 1315 516 1374 Et
534 1311 636 1374 Lucul
650 1333 706 1383 us,
736 1313 924 1397 priusquam
948 1313 1026 1374 inde
1067 1369 1072 1387 ,

49 1395 235 1466 diseederet,
265 1414 396 1477 operam
417 1393 523 1465 dedit,
555 1407 590 1454 ut
614 1395 704 1478 plera
730 1413 771 1455 ue
797 1409 950 1494 corrupta
973 1415 1028 1456 re·
1074 1426 1080 1432 ·

48 1476 259 1540 diruerenturc
289 1474 462 1558 edictoque
486 1474 619 1556 collegit
637 1413 824 1548 Amilencs,
854 1497 949 1561 quse
993 1498 1027 1538 a-

48 1561 105 1620 tria
125 1559 353 1642 profugerant,
383 1555 544 1640 novisque
572 1555 699 1618 colonis
721 1558 875 1632 Graecis,
907 1499 1027 1644 quibua

49 1641 89 1704 ibi
111 1638 251 1702 babitare
272 1637 437 1722 placebat,
466 1651 595 1709 auctos,
626 1657 705 1720 agro
724 1639 911 1722 quindecim
929 1638 1028 1700 milli-

48 1743 96 1782 um
121 1721 258 1804 palleum
290 1719 364 1781 urbi
390 1717 516 1798 adjecto
541 1719 771 1803 locupletavit:
809 1719 1029 1783 Alexandrum

49 1802 159 1864 imitari
179 1799 323 1873 studens,
354 1801 411 1884 qui
430 1799 574 1862 camdem
593 1799 728 1876 urbem,
761 1823 858 1886 quum
880 1801 1027 1866 Persicis

47 1883 173 1967 regibus
212 1882 562 1958 arenteminrenillet,
584 1880 791 1944 liberaverat.
1171 1919 1173 1926 ,

101 1967 170 2026 XLl
202 2009 211 2026 .
234 1964 374 2028 Amisum
390 1961 604 2026 Athenienses
619 1962 842 2037 condiderant,
865 1985 930 2049 quo
944 1978 1027 2028 tem·
1055 1961 1216 2046 amassem·

45 2067 122 2130 pore
139 2047 285 2108 elall'sbua
307 2043 417 2118 validi,
440 2063 505 2106 non
545 2044 669 2106 roxima
688 2058 820 2120 tantum,
843 2045 902 2108 scd
918 2060 951 2108 et
965 2029 1150 2126 jamim·
1234 2115 1238 2123 ,
1263 2099 1266 2112 .

45 2129 169 2211 longius
191 2129 253 2189 sita
270 2127 370 2188 maria
411 2145 509 2209 ervag
552 2137 655 2187 antur.
678 2147 784 2212 eoque
801 2149 906 2212 nuper
922 2127 1027 2200 multi,

45 2224 77 2269 nt
96 2209 294 2290 tyrannidem
310 2207 370 2270 ari
396 2207 480 2270 sonis
501 2205 669 2302 fugerent,
699 2210 788 2274 vclut
807 2211 842 2271 in
860 2209 953 2270 aliam
971 2230 1029 2293 pa·
1050 2207 1055 2215 “

44 2291 152 2364 triam,
183 2290 419 2353 conuellerent:
454 2290 579 2372 ignari,
611 2287 727 2352 eodem
752 2311 901 2376 quoquc,
934 2309 1030 2376 quam

42 2373 241 2443 metuebant,
269 2371 347 2434 belli
363 2383 593 2456 perventuram
611 2369 827 2456 tempestatem
844 2373 920 2435 effe.
962 2369 1031 2436 Sed

41 2453 113 2516 illos
128 2455 283 2516 Lucullus
300 2449 431 2516 bonella
449 2448 596 2526 vellitus,
619 2452 753 2517 ducenis
770 2453 954 2518 distributis
971 2452 1029 2516 de·

40 2536 155 2610 nariis,
178 2535 211 2598 in
230 2534 364 2619 patriam
379 2533 516 2596 remisit.

97 2620 137 2679 L.
160 2621 254 2680 Tunc
276 2617 371 2679 etiam
392 2617 478 2684 intes·
500 2614 644 2700 captivs
659 2619 820 2698 Tyrannio
837 2615 917 2692 fuit,
940 2613 1028 2680 cele·
1061 2609 1196 2696 remam

39 2695 175 2760 berrimi
195 2698 337 2765 nominis
358 2697 603 2760 Grammaticus.
640 2718 713 2760 eum
734 2699 888 2762 Lucullus
912 2697 1027 2782 gentili
1040 2685 1152 2735 “mm
1189 2751 1195 2764 ,

40 2800 96 2840 suo
113 2785 288 2854 Murenae,
310 2779 486 2864 praecipuo
504 2777 694 2862 legatorum,
717 2799 754 2841 rc
779 2793 848 2842 atus
863 2778 1027 2842 concellit.
1042 2751 1207 2814 ⁶¹⁹'””'⁰‘''
1226 2799 1228 2804 ·

39 2861 111 2934 llle,
147 2861 343 2946 magnanimi
372 2859 609 2944 doctillimiquc
638 2873 671 2922 ct
698 2861 739 2922 cb
757 2800 829 2927 boc
859 2835 1123 2924 doctorum‘⁸⁸'·

36 2939 171 3008 liudiosi
189 2945 232 3006 im
258 2943 394 3004 cratoris
408 2961 541 3004 munere
554 2961 709 3026 perquam
724 2943 931 3006 illiberaliter
941 2941 1028 3013 ulus,

36 3025 224 3088 manumisit
234 2965 421 3098 bominem,
444 3038 478 3086 ut
497 3023 535 3086 ab
555 3042 595 3084 eo
614 3023 798 3096 commoda,
822 3047 904 3110 quae
921 3038 1031 3110 patro·

35 3107 86 3166 nis
110 3107 226 3172 liberti
248 3103 422 3192 praeliant,
455 3105 704 3189 adipisceretur.
745 3107 817 3168 Alia
838 3127 968 3191 quoquc
987 3105 1033 3166 si-

32 3188 123 3249 milia
139 3190 243 3252 multa
261 3187 347 3250 idem
361 3191 496 3248 Murena
514 3185 584 3247 desi
631 3187 714 3261 avit,
742 3187 831 3250 bello
852 3210 917 3251 non
939 3207 1034 3272 sper-

32 3271 186 3344 nendus,
219 3269 283 3333 rita
306 3269 518 3354 moribusque
540 3287 594 3328 mu
607 3281 673 3329 tum
696 3268 735 3331 ab
754 3269 961 3354 imperatoris
982 3267 1034 3330 sui

28 3350 210 3414 nobilitate
234 3351 342 3412 disere
367 3371 434 3412 ans.
476 3347 587 3410 liebus
606 3349 711 3411 Amisi
733 3371 772 3413 ex
790 3351 956 3434 praesenti
977 3371 1034 3412 co·
1059 3431 1062 3436 1
1163 3415 1168 3426 ,

28 3431 84 3514 pia
111 3431 317 3504 constitutis,
344 3363 502 3494 lucullus
523 3430 558 3490 in
574 3431 685 3491 Asiam
709 3431 914 3496 hibernatum
935 3433 1032 3506 abiit,

26 3526 66 3574 ut
81 3515 278 3578 civitatibus
294 3513 373 3587 illis,
395 3513 455 3576 sub
471 3513 557 3574 aeris
573 3509 671 3573 alieni
687 3515 833 3597 pondere
850 3515 1034 3598 gracillima

23 3595 276 3670 anhelantibus,
299 3607 516 3657 succurreret.
548 3593 675 3656 Interea
690 3596 780 3656 misit
797 3597 836 3658 ab
848 3598 1033 3680 Tigranem,

21 3675 261 3741 Mithridatem
283 3675 346 3738 sibi
365 3675 441 3738 dedi
459 3673 630 3760 postulans.
663 3679 741 3738 Eam
761 3677 956 3760 legationem
971 3680 1034 3776 Ap.

21 3757 195 3822 Claudius
213 3759 308 3834 obiit,
331 3759 388 3844 qui
404 3757 498 3820 uxori
515 3757 722 3842 imperatoris
733 3758 848 3823 frater.
872 3775 905 3824 et
919 3761 1035 3824 liberas

22 3839 100 3916 ejus
121 3843 308 3905 avunculus
327 3854 408 3903 erat.

20 4063 43 4114 d
63 3998 142 4072 Cap.
154 4001 290 4056 XLVIII.
309 3999 459 4055 Memnon.
477 3996 564 4078 Plnt.¹
575 3995 703 4124 ¹Appias.
722 3999 908 4084 'caprilem
922 4001 1035 4058 Merra.

18 4067 1036 4230 siiiiss'riifi'ff'ssi'.‘inibitdillrrttiiiiffbiiii’iiliil.
1119 4131 1124 4154 ⁵

396 4231 701 4259 --···---·

82 4268 256 4362 Supplem.
270 4271 334 4332 css.
348 4271 431 4334 Tam.
444 4275 481 4332 X
482 4274 539 4336 Ill.
786 4265 815 4334 Β
829 4259 854 4334 b
