2680 4690
220 237 261 300 nr
280 231 431 299 noenu
450 233 533 296 nro.
555 233 694 300 xcvnr.
714 234 826 304 nrvn.
948 235 1009 319 a„

50 438 176 524 Tigranis
189 437 309 502 literas.
339 435 479 514 ldcirco,
501 438 664 536 postquam
683 439 802 504 iterum
819 442 853 502 in
869 443 1008 506 Pontum
1038 442 1178 504 ossus

49 521 390 684 titularentur,
403 518 1010 686 attinenturlutura
1037 513 1173 584 Μ·

42 636 46 644 ’
722 645 731 676 l

52 643 194 754 elucrari,
215 627 382 748 allecoriit.
430 687 616 770 Leucippus
640 698 673 746 ct
691 685 885 750 Cleocharen
907 709 921 748 s
946 675 1009 750 ado

50 766 106 826 orbi
119 780 281 848 praeerant
290 787 301 844 3
323 781 457 866 eratque
472 768 644 841 Seleucus,
666 788 764 851 aquo
780 781 890 832 rectus
938 789 1009 830 era-

51 849 130 908 cleam
143 866 197 908 rex
210 845 326 922 luerat,
348 871 419 933 perr
432 849 624 913 auctoritate
637 848 775 912 additus.
797 849 912 912 horum
923 853 1009 912 Leu-

51 929 174 1011 cippum,
200 927 253 992 die
273 929 313 992 ad
330 931 485 1015 populum
507 930 610 1003 dicta,
639 929 838 1014 proditionis
862 933 1009 1015 collegae
1049 1009 1054 1018 ι

51 1029 122 1070 raum
138 1026 281 1094 egerent,
309 1026 360 1085 et,
382 1033 479 1096 quum
497 1011 579 1074 nihil
595 1011 771 1076 accusando
787 1013 1007 1109 prolecilleut,
1066 1010 1070 1020 '

51 1104 127 1152 noctu
143 1091 371 1156 interfecerant
388 1093 608 1177 perincidias.
651 1095 753 1167 Hinc,
784 1095 920 1158 irritatis
942 1116 1008 1158 ma-

52 1192 170 1256 gnopere
194 1173 447 1259 Sinopensibus,
485 1197 579 1238 unam
609 1173 814 1258 effugiendae
846 1176 1009 1240 vindictae

52 1252 115 1314 riam
132 1253 302 1332 creditam,
325 1256 525 1339 tyrannidem
547 1257 742 1320 invaserunt.

97 1361 169 1422 Xlli.
223 1384 297 1424 uum
318 1362 352 1424 in
374 1383 414 1425 eo
432 1383 488 1425 res
509 1363 625 1436 ellent,
647 1383 802 1424 annonam
823 1384 839 1424 a
857 1365 1009 1448 Bosporo

52 1438 79 1500 ad
96 1361 327 1506 castrabuculli
353 1445 510 1508 vehentes
536 1445 707 1506 onerariae
731 1465 829 1505 naves
852 1465 1010 1530 apparue-

51 1537 123 1584 rnntr
143 1545 215 1608 quas
234 1545 306 1588 cum
322 1527 510 1589 triremibus
526 1523 711 1667 ‹puiadecim
728 1523 912 1610 praelectus
928 1527 1011 1587 clas-

53 1601 85 1663 sis
102 1605 289 1670 Censorinus
307 1607 496 1670 deducebat.
554 1607 641 1690 gitur
656 1609 823 1682 Seleucus,
847 1627 917 1668 cum
932 1607 1012 1668 Cili-

52 1683 122 1746 cibus
142 1689 205 1750 suis
225 1705 259 1752 et
274 1689 503 1775 Sinopensium
528 1687 664 1753 navibus
687 1687 794 1830 longia
817 1701 1010 1772 provectus,

52 1769 184 1848 superatis
203 1771 377 1845 Romanis,
406 1770 571 1834 onerarias
594 1769 751 1853 aliquota
778 1767 892 1830 llraxit.
922 1769 1013 1831 llaec

51 1843 155 1909 fortuna
176 1853 277 1936 magis
301 1851 403 1916 adhuc
423 1849 566 1924 inflavit,
598 1851 846 1948 asperioresque
865 1849 946 1913 lecit
964 1865 1012 1932 ty·

50 1947 195 1992 rannorum
214 1935 357 2008 animos,
387 1933 542 2030 multique
562 1931 601 1994 ab
620 1935 662 1995 irs
680 1954 722 2018 op
747 1931 932 2006 islanorum,
961 1933 1011 1994 in-

51 2005 115 2070 dicte
132 2013 317 2100 plerumque
336 2009 457 2088 catalla,
487 2013 631 2098 jugulati.
678 1955 745 2078 Sed
764 2027 797 2077 et
814 2015 900 2076 inter
917 2013 1008 2099 ipsos
1040 2025 1192 2107 simma.

50 2110 138 2171 parum
158 2097 386 2173 conveniebat,
416 2097 593 2160 Cleochare
621 2091 831 2163 resistendum
855 2097 1065 2158 Romaniano·
1085 2105 1190 2174 pruss-

51 2175 260 2258 contendente,
292 2179 449 2253 Seleuco,
478 2178 688 2242 trucidandos
707 2177 927 2260 Sinopenses,
957 2171 1191 2244 ric-cmviii&

51 2257 193 2342 ruptisque
214 2260 401 2346 ingentibus
424 2259 577 2346 praemiis
596 2257 783 2325 tradendam
801 2259 937 2321 Lucullo
955 2281 1010 2320 ur·
1022 2241 1125 2296 “sai''

49 2330 115 2398 bern.
158 2341 264 2428 Quum
291 2356 407 2404 neuter
434 2343 582 2417 cederet,
617 2363 654 2404 re
682 2343 717 2403 in
741 2338 850 2402 medio
878 2342 1010 2413 relicta,

51 2433 112 2497 opes
136 2441 203 2486 suas
232 2425 394 2487 onerariis
420 2425 555 2486 navibus
582 2423 750 2508 impositas
773 2421 812 2482 ad
829 2421 1013 2486 Macharem

49 2499 197 2642 pisprunt,
229 2503 428 2569 Mithridatis
448 2503 569 2580 filium,
605 2507 660 2592 qui
683 2520 750 2568 tum
769 2501 854 2588 apud
872 2505 1012 2568 Colchos

63 2599 93 2661 ga
114 2599 149 2645 ar.

95 2689 157 2752 llll.
184 2693 314 2758 Circum
335 2693 416 2758 baec
437 2694 602 2792 occupatis
621 2693 775 2756 Lucullus
803 2688 1010 2773 supervenit,
1042 2701 1181 2756 Mactaris

50 2765 196 2856 castrisque
214 2775 255 2838 ad
270 2779 350 2839 Sino
375 2797 414 2840 en
432 2778 567 2860 positas,
591 2775 795 2838 obsidionem
811 2771 929 2854 coepit.
954 2789 1009 2834 ve·
1022 2771 1119 2840 tegaris
1138 2771 1175 2823 art

50 2867 143 2916 norunt
160 2877 233 2920 mox
252 2879 270 2920 a
284 2799 433 2920 sauciare
449 2859 559 2942 legati,
587 2859 774 2920 societatem
791 2864 825 2917 et
839 2853 1012 2916 amicitiam
1024 2840 1183 2942 musta

49 2945 183 3006 potantes.
206 2959 289 3022 quos
310 2941 366 3002 ille
388 2941 525 3002 comiter
545 2951 697 3023 receptos
717 2937 822 2998 omnia
842 2952 1012 3018 sperarea

51 3029 77 3071 ae
94 3027 121 3076 et
139 3023 258 3116 populo
280 3023 425 3083 Romano
450 3021 552 3102 jullit,
588 3021 663 3083 dum
685 3040 726 3081 ne
750 3029 927 3080 commeatu
953 3035 1013 3078 rex
1131 3035 1133 3042 ’

50 3111 140 3158 eorum
158 3102 357 3186 Sinopenses
378 3117 430 3164 aut
448 3103 513 3164 ulla
534 3123 572 3164 re
591 3103 652 3163 alia
669 3101 805 3182 juvaret.
831 3097 1010 3180 Machares,

51 3175 178 3258 rolponlo
200 3185 329 3245 Luculli
353 3187 505 3268 cognito,
538 3185 649 3246 lecill'e
670 3185 714 3244 im
740 3195 826 3244 erata
848 3199 913 3240 non
935 3199 1014 3240 con-

49 3265 152 3338 tentus,
174 3277 209 3326 ut
226 3285 264 3327 se
280 3267 364 3329 bene
382 3281 415 3328 et
429 3267 575 3352 gnaviter
588 3205 751 3327 destinatis
789 3260 921 3324 roboret
934 3261 1013 3322 anri·
1035 3329 1051 3345 ἱ

49 3337 135 3430 citiam
151 3347 326 3409 Romanam
342 3350 474 3422 colere,
508 3346 586 3432 quid
632 3346 664 3408 id
686 3347 721 3407 in
739 3283 828 3407 uiiun
844 3342 1013 3403 Mithrida-

49 3429 160 3514 “illum
187 3429 327 3510 partium
355 3443 542 3514 paraverat,
582 3369 669 3491 nilico
699 3427 734 3489 in
764 3423 861 3489 calloo
885 3423 1014 3486 Luculli

48 3517 128 3568 mrstt.

96 3585 171 3652 lllll.
196 3592 245 3652 Ea
264 3613 319 3656 res
338 3613 404 3655 non
424 3591 527 3654 solum
547 3587 764 3652 obselloribus
782 3589 860 3652 fecit
878 3589 1011 3662 animos,
1044 3575 1094 3632 δῖ’
1127 3591 1173 3630 Ν

49 3663 94 3724 sod
106 3683 134 3731 ct
147 3686 297 3752 tyrannos
314 3675 444 3760 penitus
462 3673 571 3756 adegit
588 3671 628 3734 ad
646 3671 920 3755 desperationem.
950 3672 1014 3768 lgi-
1027 3645 1189 3769 Imm*

49 3755 88 3839 ¹l'
103 3767 193 3816 nocte
213 3757 348 3840 quadam
391 3775 429 3819 er
445 3756 566 3820 milites
586 3753 667 3818 urbe
682 3753 757 3834 julla
772 3753 890 3836 diripi,
911 3731 1076 3814 levio-‘¹⁸'

47 3828 180 3918 artusque
198 3838 339 3922 navigiis
358 3779 507 3913 delectis,
529 3857 601 3900 cum
622 3837 746 3922 magnis
767 3834 891 3900 divitiis
911 3833 950 3895 ad
967 3833 1017 3896 in·
1115 3855 1119 3875 ¹

74 3947 259 4064 elli-XVIII·
285 3994 412 4070 upplan.
440 3995 565 4061 Strabo,
581 3995 603 4050 l.
621 4013 661 4050 ra.
680 4011 711 4066 p.
724 3993 785 4060 545.
810 3991 958 4046 Memnon.
978 3987 1017 4041 0-

51 4071 93 4110 Μ’·
106 4065 134 4126 ⁰⁹
149 4063 176 4119 3·
195 4065 348 4136 Memnon,
383 4065 457 4140 Cap.
476 4066 550 4120 xlx,
570 4064 646 4120 Plut.
666 4063 816 4118 Memnon.
853 4061 924 4134 (ἔρῃ.
941 4056 1017 4112 XXI.

53 4121 155 4198 lppian.
