2654 4684
292 297 332 362 no
358 293 637 361 rnnmsnann
655 287 1065 357 sorrnnnnuronun
1087 245 1292 355 nexurv.

124 512 159 569 U.
175 532 202 570 s,
217 515 278 571 665.
292 503 393 565 multo
413 505 519 562 minus
536 500 650 563 decens
665 499 829 574 millibus,
850 495 1056 581 reliquosad
1077 497 1164 579 ipsas
1182 517 1293 579 usque

123 582 260 651 A.C.d7·
293 599 405 669 portas
435 583 526 650 urbis
551 581 717 665 insequuti
745 595 829 643 sunt.
872 581 992 650 Cinna,
1031 599 1127 662 qnum
1154 589 1295 674 praeter

118 690 120 694 ·
294 665 554 748 expectationem
584 683 672 725 snam
704 661 795 724 fusos
817 661 1012 744 fugatosque
1032 682 1057 742 a
1075 659 1294 744 paucioribus

295 745 416 810 multos
439 744 587 819 videret,
641 765 678 805 er
697 743 810 805 urbem
838 741 1059 812 discurrebat,
1093 741 1229 804 servitia
1250 740 1294 802 ad

293 821 416 912 pileum
443 847 575 888 vocans.
617 767 704 900 ded,
739 824 912 888 accedente
936 825 1082 896 nemine,
1113 823 1229 906 pulsus
1252 824 1296 884 ab

295 907 505 994 optimatibus
536 911 570 969 in
596 907 799 990 Campaniam
826 906 1010 979 contendit,
1039 924 1171 977 omues,
1207 926 1295 988 quas

295 991 328 1054 in
345 989 465 1054 itinere
485 991 626 1062 adierat,
649 989 748 1050 nrbes
769 987 967 1060 cohortatus,
991 989 1083 1065 urjus
1095 989 1216 1048 ciuitatis
1235 1009 1296 1045 nu-

291 1089 344 1152 per
364 1089 498 1152 acceptum
520 1076 583 1134 toric
603 1073 697 1130 nsrimir
723 1089 885 1141 tueremur,
921 1074 1096 1148 pecuniasque
1117 1065 1294 1146 conftrrenr.

160 1159 170 1194 ¹
295 1154 369 1214 lloo
394 1149 478 1236 apud
503 1153 675 1224 Tiburtes,
714 1165 746 1213 et
766 1147 1013 1225 Praenestinos,
1044 1163 1077 1214 et
1095 1148 1201 1222 alios,·
1231 1147 1297 1236 qui

177 1259 184 1280 ¹
294 1233 335 1300 ad
355 1235 470 1302 Nolens
495 1253 598 1324 usque
619 1233 749 1310 colunt,
771 1233 849 1320 egit.
1220 1267 1225 1272 ·

123 1410 281 1475 isrtsrl.
353 1397 409 1462 tv.
431 1399 545 1478 Neque
575 1396 731 1460 senatorii
756 1395 882 1458 ordinis
910 1396 974 1458 'viri
999 1393 1186 1474 adjuvandis
1210 1396 1299 1457 Cin·

105 1479 352 1542 assultans-nae
382 1477 509 1560 coeptis
536 1476 689 1550 deerant,
712 1479 747 1540 C.
771 1477 924 1539 Milonius
942 1491 1015 1539 ante
1030 1477 1134 1548 alios,
1158 1479 1194 1540 C.
1218 1481 1303 1538 Ma-

104 1547 150 1600 ⁶f⁰
164 1548 200 1600 ’ὅ
214 1549 278 1599 ⁶⁸³⁸·
292 1559 380 1632 rius,
403 1577 519 1641 magno
539 1558 590 1626 illi
611 1560 716 1622 Mario
741 1579 780 1621 oo
805 1559 962 1632 nominis,
987 1573 1020 1620 et
1040 1557 1081 1621 ob
1102 1558 1299 1622 tribunatus

104 1632 168 1694 'im
185 1627 278 1674 Μ’
293 1641 457 1723 repulsam
476 1638 623 1702 inlensua
648 1641 757 1704 Sullae
780 1579 821 1722 ὃ.
838 1641 1018 1702 Sertorius.
1061 1644 1139 1702 Nam
1157 1639 1229 1724 poli
1247 1643 1300 1702 A.

105 1693 140 1740 'i'
292 1722 405 1788 tiniam
432 1723 538 1816 legem
567 1736 735 1786 senatores
762 1723 959 1784 tribunatum
983 1721 1091 1818 plebis
1114 1721 1299 1804 petebant:

224 1869 227 1874 ,
293 1824 390 1886 quum
421 1802 597 1884 antiquitus
635 1818 748 1866 contra
776 1804 905 1875 luillet,
944 1825 1020 1887 qura
1049 1817 1117 1864 turn
1144 1804 1299 1866 tribunis

184 1896 187 1902 '
290 1883 399 1972 plebis
421 1884 543 1948 intrare
568 1886 689 1948 curiam
711 1906 776 1948 non
793 1885 931 1958 licebat,
955 1884 1013 1947 sed
1030 1883 1196 1946 subselliis
1214 1901 1300 1948 ante

291 1967 401 2028 valvas
430 1965 549 2048 positis
585 1968 731 2032 consulta
758 1982 887 2030 senatus
907 1965 1139 2029 examinabant.
1183 1969 1302 2049 Igitur

293 2047 482 2118 Sertorius,
511 2047 599 2110 Sulla
620 2050 754 2110 consule
773 2049 970 2111 tribunatum
992 2062 1127 2126 petens,
1151 2047 1212 2110 illo
1235 2051 1301 2111 ad-

291 2141 465 2197 versante,
501 2129 620 2210 cupitis
640 2131 816 2192 exciderat.
861 2129 1076 2214 nequeenim
1100 2129 1302 2196 conducere

293 2210 361 2276 suia
388 2208 487 2272 rebus
509 2209 597 2270 Sulla
626 2211 858 2286 arbitrabatur,
894 2226 947 2284 ut,
984 2233 1077 2309 quarn
1098 2210 1301 2296 deprimere

248 2311 253 2317 ·
291 2289 481 2378 potestatem
506 2291 680 2374 cupiebat,
730 2315 800 2356 earn
833 2295 905 2356 viro
938 2313 1006 2355 aurs
1030 2307 1125 2390 atque
1159 2293 1303 2358 diserto

264 2433 267 2440 Δ
293 2371 455 2436 committi
486 2384 665 2454 pateretur.
752 2375 851 2460 uippe
872 2378 1040 2437 Sertorius
1069 2389 1112 2437 sta
1136 2391 1303 2440 versatus

291 2453 331 2524 in
355 2454 430 2518 loro
455 2451 581 2525 suerat,
621 2470 656 2518 ut
677 2457 781 2520 adhuc
814 2457 1075 2520 adolescentulus
1100 2459 1303 2520 nonnullam

292 2535 327 2598 in
349 2535 430 2598 urbe
453 2535 631 2616 potentiam
656 2540 780 2602 caussis
805 2539 939 2636 agendis
964 2553 1177 2621 comparatam
1203 2540 1305 2602 obsi..

291 2629 406 2693 neret3
437 2627 470 2677 et
497 2613 605 2698 polles
630 2635 777 2692 senator,
815 2643 843 2682 s1
865 2621 971 2682 claros
995 2633 1143 2682 oratores
1162 2641 1304 2703 paucos

293 2697 455 2781 excipias,
485 2711 522 2757 ea
545 2695 777 2764 existimatione
809 2716 940 2782 ageret,
975 2715 1010 2762 ut
1031 2721 1094 2762 non
1113 2701 1196 2765 alius
1219 2701 1304 2784 ejus

137 2857 147 2888 r
185 2791 193 2806 ·
293 2779 420 2844 ordinis
440 2777 578 2844 solutius
600 2783 788 2873 acutiusque
809 2781 921 2848 dicere
942 2796 1121 2872 putaretur.

117 2963 280 3015 crsasum.
353 2943 396 3006 V.
418 2942 590 3016 Ceterum,
631 2965 728 3029 quum
758 2968 798 3010 ex
826 2948 908 3008 urbe
940 2948 1040 3009 Cinna
1089 2945 1306 3028 rolugill‘et‚

103 3033 212 3089 suturas
231 3033 280 3085 at·
295 3037 424 3088 senatus
449 3023 502 3096 ei,
544 3025 631 3107 quod
662 3030 893 3113 rempublicam
920 3029 1033 3090 consul
1057 2967 1306 3106 deseruisset,

104 3113 228 3173 rtem·
294 3121 328 3168 et
351 3105 391 3168 ad
408 3105 591 3168 libertatem
611 3111 751 3172 vocallet
771 3112 923 3185 servitia,
952 3107 1165 3193 magistratum
1190 3111 1311 3176 abro-

318 3188 402 3260 avit,
426 3189 459 3248 in
480 3187 588 3248 locum
607 3190 676 3270 ojus
696 3195 733 3253 L.
754 3193 907 3255 Cornelio
928 3193 1073 3263 Merula,
1098 3193 1153 3276 qui
1170 3189 1311 3260 llasnen

326 3269 400 3332 iulis
409 3283 490 3340 erat,
502 3267 650 3332 suffecto.
665 3273 833 3336 HisCinna
843 3273 1030 3362 compertis,
1040 3293 1136 3357 quum
1147 3275 1321 3358 Capuam¹

272 3351 447 3421 renidet,
478 3349 535 3410 ubi
558 3352 620 3434 Ap.
642 3355 768 3418 Claudii
792 3357 955 3418 exercitus
980 3371 1068 3428 erat,
1103 3357 1321 3424 conciliatisl

295 3433 360 3494 sihi
388 3431 549 3516 tribunis,
583 3448 617 3496 et
644 3451 802 3522 quotquot
830 3437 917 3500 forte
939 3438 977 3500 ab
1010 3437 1092 3499 urbe
1116 3452 1314 3506 senatores

293 3513 448 3590 aderant,
487 3516 652 3578 consulari
680 3519 791 3582 habitu
819 3519 852 3580 in
883 3519 1048 3602 publicum
1076 3521 1284 3604 progrellus
1302 3543 1320 3600 ‚‘

292 3617 367 3658 mox
389 3595 683 3692 profusisabunde
701 3601 870 3677 lacrumis,
894 3599 1066 3677 discedere
1088 3621 1160 3664 curn
1188 3601 1320 3686 lasci-p

291 3675 352 3742 bus
378 3679 514 3742 lictores
537 3678 635 3761 Jussit.
1319 3713 1320 3783 q

325 3865 398 3936 Cap.
414 3862 619 3945 lllqbppisn.
641 3865 752 3922 Auctor
773 3867 809 3924 de
825 3867 897 3923 siris
913 3869 1011 3924 illullr·
1028 3869 1093 3926 Lis.
1108 3869 1190 3944 epu.
1209 3869 1319 3940 Vell,

291 3951 318 3990 a.
338 3949 381 3988 ao.
407 3935 426 3987 t
474 3950 532 3990 san.
564 3935 636 4007 esp.
654 3935 705 3990 lv.
726 3937 801 3992 Plut.
820 3939 852 3991 t.
875 3939 950 3996 Gell.
972 3943 1012 4007 ¹4·
1027 3941 1054 3994 8.
1074 3941 1140 3996 Val.
1159 3943 1250 4000 Max.
1278 3945 1319 4012 2,l

291 4023 319 4060 s.
331 4005 407 4060 Plut.
431 3951 508 4058 iim.
526 4001 640 4056 Sertor.
655 4021 680 4058 c.
700 4006 930 4075 acicurato,
951 4028 975 4066 c.
994 4008 1036 4073 48.
1073 4011 1146 4134 Cap.
1168 4016 1206 4070 V.
1230 4019 1297 4090 Ap

291 4071 371 4154 plan:
395 4071 466 4152 Lis..
481 4071 569 4153 Epis..
588 4069 699 4153 dsrctor
722 4072 758 4132 ds
779 4077 850 4135 viris
878 4076 977 4136 illustr.
996 4077 1072 4140 Plut.
1098 4081 1175 4140 iar.
1196 4101 1225 4142 c·
1248 4091 1316 4164 ⁶9·

290 4147 418 4219 upplan.
434 4141 498 4198 lnr.
515 4141 594 4218 Epo.
613 4139 741 4218 upplan.
