2734 4688
222 227 226 230 ’
265 263 310 324 m
330 260 484 326 toccu
505 261 588 325 ain.
607 263 751 332 xcvrn.
771 265 885 334 mvii.
1009 265 1071 344 aaa

60 479 154 541 sunt,
178 483 215 530 ut
236 469 330 554 signa
350 485 581 554 sequerentur.
624 470 739 535 Postea
758 474 921 536 Triarium
933 485 959 550 ,‘
973 498 1071 563 quum
1104 475 1138 532 U.
1150 469 1249 536 ridde.

60 551 264 694 apliilitibua
288 552 329 613 ad
351 573 467 616 necem
493 568 728 639 quaereretur,
759 557 841 618 clam
865 560 989 645 eripuit
1006 561 1071 636 Lu·
1101 547 1243 634 ¹⁴·.⁰·⁶7·

60 652 100 694 cu
127 654 178 695 us.

121 734 161 802 C.
194 735 285 796 Haeo
310 755 366 798 res
389 735 509 800 iterum
531 735 671 800 offendit
695 751 903 800 contumaces
925 738 1070 802 animos:
1103 743 1244 804 sacces'sor

58 814 257 900 auditoque,
282 811 396 880 v'enire
421 821 641 885 succell'c-rem
656 821 793 884 Lucullo
812 821 978 883 con'l'ulem
994 821 1071 884 Aci·
1088 819 1198 874 lucutta
1212 837 1258 874 ve·
1352 847 1356 858 ⁴

58 897 158 970 lium,
182 900 237 960 cni
258 900 332 984 lege
348 901 486 964 Gabinia
506 901 659 984 Bithynia
679 917 712 965 et
728 905 853 964 Pontus
875 902 946 965 data
967 919 1070 978 erant,
1085 893 1127 942 ''²''
1139 865 1251 972 ‘'ill“

58 980 435 1066 miliasque‘Valerianas
458 985 607 1068 legiones
627 985 711 1064 elie3
734 987 904 1047 Lucullum
922 1007 984 1070 pro
1002 989 1071 1070 pri·
1088 959 1212 1016 mm·
1265 1065 1269 1071 ¹

58 1075 132 1122 vato
153 1063 278 1126 hahere
299 1079 482 1152 coeperunt
504 1068 695 1130 contemtui.
738 1071 825 1130 Nam'
847 1081 881 1129 et
905 1068 974 1152 ipl'e
994 1069 1072 1132 Aci-

60 1143 123 1203 lius
142 1147 273 1230 vulgari
292 1167 353 1232 per
369 1169 414 1234 po
438 1149 510 1210 ulos
524 1149 674 1231 jull'erat3
699 1149 835 1230 Populum
849 1151 1000 1212 Romanum
1011 1153 1073 1212 Lu-

62 1227 133 1285 cullo
152 1225 243 1308 finiffe
263 1235 423 1310 imperium.-
445 1230 584 1292 discedere
596 1227 703 1313 jufflffe
720 1227 840 1300 milites,
861 1249 947 1313 poena
967 1253 1074 1314 quoque

60 1307 178 1382 addita,
213 1332 246 1370 uc
266 1315 432 1372 manentium
453 1313 522 1374 barca
542 1313 761 1394 publicarentur.
812 1314 879 1374 Has
897 1313 992 1376 'inter
1014 1338 1071 1376 an-

60 1389 191 1472 gustias,
216 1407 249 1456 et
269 1395 356 1478 quia,
379 1395 501 1468 audito,
525 1395 566 1480 Q.
584 1396 743 1458 Marcium
762 1397 887 1478 Regem
909 1417 970 1478 pro
990 1417 1070 1458 con-

60 1473 131 1536 sule
154 1497 218 1560 per
231 1477 425 1558 Lycaoniam
447 1497 520 1539 cum
539 1478 645 1540 tribus
664 1477 851 1560 legionibus
872 1477 904 1537 in
922 1478 1070 1541 Ciliciam

62 1557 221 1630 tendere,
254 1560 439 1622 cohortium
462 1561 604 1644 aliquem
626 1581 796 1621 numerum
816 1557 930 1620 frustra
950 1561 989 1622 ab
1011 1561 1070 1623 illo
1170 1597 1171 1602 κ

61 1641 222 1720 petierat,
246 1642 401 1726 Tigrani,
432 1642 488 1726 qui
511 1663 584 1705 cum
604 1643 752 1704 maximis
775 1641 879 1725 copiis
899 1641 1069 1722 juncturus

63 1743 97 1780 aa
118 1723 303 1786 Mithridati
322 1725 509 1797 ferebatur,
532 1721 639 1786 statuit
658 1743 855 1805 occurrere:
888 1745 925 1785 ea
942 1725 1069 1812 petilli-

63 1823 149 1865 mum
170 1825 248 1889 spe,
273 1819 323 1878 ut,
348 1807 376 1868 si
399 1807 568 1890 fatigatum
590 1805 710 1868 itinere
732 1806 1000 1890 necopinantem
1019 1809 1070 1870 vi-

62 1883 171 1960 cisset,
204 1903 412 1970 reperturum
444 1910 479 1950 se
508 1889 647 1974 aliquam
669 1887 708 1952 ad
730 1887 907 1974 placandos
930 1891 1070 1952 militum
1166 1936 1174 1942 .

63 1967 187 2031 animos
210 1971 296 2032 viam
308 1969 510 2032 confideret.

74 2143 82 2154 ,
125 2077 176 2140 ct.
200 2075 267 2138 Sed
286 2075 421 2156 milites,
446 2079 661 2162 aliquousque
684 2079 826 2164 sequuti,
849 2075 917 2163 poss
942 2100 1014 2140 uam
1035 2079 1069 2142 in
1102 2085 1236 2141 Lutatius
1282 2080 1284 2092 '

64 2159 300 2242 Cappadociam
322 2159 365 2220 iri
384 2159 559 2234 viderunt,
582 2181 624 2222 ne
642 2181 724 2224 voce
742 2161 874 2246 quidem
893 2100 957 2224 ulla
974 2161 1071 2224 emis·
1084 2158 1249 2228 'utemini'

64 2262 117 2314 sa,
148 2255 241 2303 retro
266 2253 439 2306 verterunt
460 2263 593 2326 agmen:
628 2257 661 2305 et
680 2243 874 2310 Valerianae
900 2239 1247 2327 legiones,'‘.'⁸⁰⁸“''‘

63 2323 199 2406 impleta
218 2346 234 2384 a
253 2345 289 2386 se
307 2323 465 2409 stipendia
482 2325 642 2399 dicentes,
666 2326 837 2388 Lucullum
855 2325 1073 2410 reliquerunt.
1086 2304 1178 2350 mm·

63 2407 125 2466 llic
160 2405 218 2468 ille
247 2407 329 2468 nihil
359 2421 425 2468 nun
450 2407 655 2491 indignitatis
683 2408 801 2482 subiit,
834 2407 1072 2492 prehendenda

65 2487 235 2570 singulos,
262 2490 411 2574 rogando
426 2493 627 2564 universos,
656 2491 797 2554 tentoria
823 2511 895 2560 cum
920 2493 1073 2575 squalore

63 2583 94 2629 et
112 2570 261 2632 lacrimis
281 2572 445 2646 obeundo,
469 2586 504 2634 ut
524 2573 757 2634 contumaciam
778 2592 891 2634 eorum
908 2572 1069 2640 flecteret.

63 2652 190 2724 Atilii,
213 2673 326 2715 manus
341 2654 507 2716 tendentis
523 2673 641 2737 preces
659 2653 806 2726 aversati,
829 2674 946 2716 vacuas
964 2655 1070 2717 ollan-

64 2735 173 2796 tahant
192 2757 310 2810 zonas,
342 2738 448 2798 solum
470 2735 620 2818 jubentes
641 2735 798 2798 dimicare
820 2755 892 2798 cum
910 2735 1066 2812 hostibus,

64 2816 241 2902 exquibus
260 2818 350 2881 solos
369 2812 471 2881 sciret
488 2817 666 2880 ditescere:
701 2817 824 2891 donec,
852 2817 983 2914 reliquo
1003 2819 1068 2902 jam

66 2899 214 2962 exercitu
237 2901 394 2984 jungente
418 2921 557 2986 preces,
586 2899 742 2962 hactenus
769 2913 945 2984 expugnata
971 2916 1066 2976 sunt,

63 2995 158 3043 ntea
182 2982 288 3046 adhuc
310 2980 428 3047 aestate
452 2981 618 3044 mansuros
644 2981 892 3068 promitterentt
910 2983 1012 3067 'quod
1039 2985 1070 3046 si

64 3064 145 3124 nulli
166 3064 294 3128 interea
314 3067 565 3151 comparuillent
579 3061 698 3141 helles,
722 3061 918 3128 disceffuros
933 3066 1069 3152 asignia

62 3145 306 3229 praedicerent.
352 3211 355 3220 ,

136 3248 203 3310 Cll.
236 3249 304 3310 ¹llis
335 3245 509 3334 oportebat
546 3243 757 3343 adquiescere
785 3245 977 3343 Lucullum,
1013 3245 1070 3333 qui
1123 3311 1126 3318 ,

64 3329 144 3392 alias
165 3329 263 3392 facile
282 3329 410 3393 mederi
432 3341 576 3412 acceptis
598 3327 813 3391 incommodis
833 3329 1005 3414 potutiiet3
1037 3342 1072 3391 et

66 3411 193 3474 interea
219 3410 333 3474 vallari
356 3413 537 3510 aTigrane
564 3411 819 3498 Cappadociam,
842 3410 949 3507 recipi
972 3411 1071 3507 alhi-

65 3493 210 3556 thridate
227 3497 368 3557 Pontum
387 3507 475 3578 patr:
509 3491 596 3576 qnod
618 3503 723 3561 tamen
747 3491 891 3556 dedecus
914 3506 958 3554 ita
981 3492 1070 3554 dissi-

67 3575 229 3650 mulahat‚
259 3591 312 3650 ut,
342 3577 532 3674 prppinquc
550 3573 612 3654 jam
630 3574 825 3672 Glahrione,
849 3573 955 3672 nullas
975 3575 1009 3636 in
1029 3595 1070 3673 eo
1230 3669 1232 3672 Ι

63 3656 1069 3823 caturcium.ulutatu?'ituatur
1083 3663 1259 3794 um

65 3838 154 3898 etus,
179 3823 215 3884 in
229 3821 381 3906 Bithynia
401 3821 580 3886 desideret.
1081 3815 1195 3863 ‘'⁸¹⁸'‘

65 3933 407 3947 Ἥ

98 3979 290 4062 capucia.
309 3975 371 4034 cta.
384 3997 442 4063 1²5⁰
454 3981 742 4066 negamurque..
764 3979 838 4104 cap.
851 3979 981 4063 cetur.
997 3977 1067 4036 mo.

64 4047 136 4102 Sall.
155 4047 226 4131 llud.
242 4051 270 4130 5,
289 4064 313 4100 t.
333 4047 461 4121 Appian.
482 4051 595 4106 Sallust.
614 4049 687 4132 aubrd.
702 4055 774 4106 Dio.
793 4053 870 4106 Put.
890 4051 956 4131 D.¹⁰'
993 4049 1067 4122 Cap.

63 4117 290 4244 {liupppAEpm
308 4115 385 4176 Plut.
422 4118 495 4192 Gap.
511 4117 573 4173 cll.
594 4120 656 4201 (lto.
675 4137 732 4192 pro
747 4121 825 4196 Lege
839 4119 942 4176 Mautl.
960 4135 1021 4177 ca.
1038 4129 1067 4176 et
