2724 4706
318 275 379 340 ste
413 254 1291 342 auarum.surrunuaarosuumtxru.

202 503 230 542 e.
299 484 517 557 .deduoeret,
548 480 692 563 adiecto,
722 486 752 544 in
777 503 807 542 eo
824 480 942 563 solerem
962 481 1038 562 ufaro.
1085 483 1123 548 ld
1151 488 1309 550 somnium

149 485 294 616 {miii
322 567 422 654 quum
437 565 533 650 fugae
553 563 664 628 comiti
679 561 826 628 Sallustio
843 563 1015 638 narratl'et,
1049 571 1173 628 reditum
1199 571 1225 628 ei
1245 569 1308 630 cele·
1355 605 1356 610 κ

321 667 423 712 rem'er
437 647 585 732 gloriosum
603 665 730 730 purorum
748 644 816 726 effe,
840 644 1004 708 Sallustius
1025 649 1230 711 exclamarit.
1271 653 1310 714 Et
1355 681 1356 736 t

319 746 437 795 eventu
453 729 692 814 comprobatam
709 749 778 790 rem
790 729 916 791 lerunt:
939 726 1038 813 idque
1049 733 1311 794 senatuscousrd·

317 827 402 886 tum,
425 833 490 898 quo
510 809 636 872 reditus
654 811 808 874 Ciceroni
823 825 1016 898 procuratus
1033 811 1088 888 est,
1111 814 1146 872 in
1165 813 1246 876 aede
1258 818 1312 878 lo·-

317 891 661 960 risltlarisnasectum
679 893 755 956 elle.
845 913 851 932 ·
969 912 972 918 ·
1271 905 1275 914 “

96 1033 101 1056 2
140 1027 308 1096 motarent
379 1027 506 1088 CXXII.
538 1023 605 1087 Sub
630 1023 719 1086 idem
742 1036 870 1106 tempus
895 1021 1054 1084 obtinenti
1078 1022 1191 1096 Asiam
1216 1023 1313 1088 fratri

130 1098 261 1150 ”mim
274 1095 307 1150 ‘i‘
320 1107 491 1170 Ciceronis
506 1105 630 1202 Quinto
648 1101 737 1168 visus
756 1124 817 1188 per
837 1105 979 1188 quietem
993 1108 1123 1168 Marcus
1139 1121 1211 1168 erat
1271 1128 1313 1169 uo

126 1165 232 1234 snm·
318 1189 358 1252 ud
375 1190 480 1274 ripam
498 1189 605 1272 magni
623 1185 767 1268 fluminis
785 1185 917 1247 advehi:
940 1185 1057 1248 deinde
1074 1188 1186 1270 lapsus
1200 1127 1313 1251 inobu-
1355 1259 1356 1276 χ

230 1287 233 1294 ·
317 1291 392 1334 men
417 1270 605 1356 disparere3
636 1266 798 1354 postremo
817 1267 965 1352 redditus
984 1269 1049 1330 elle
1066 1269 1230 1332 moerenti
1246 1272 1314 1334 lae·
1355 1281 1356 1328 ἒ

262 1407 264 1419 .
316 1367 388 1427 tus,
412 1352 593 1436 eodemque
617 1360 702 1436 equo
723 1341 891 1412 adversa'm
909 1347 1107 1412 adscendill'e
1127 1350 1249 1434 ripam,
1281 1367 1314 1415 et

225 1433 228 1445 '
316 1436 439 1499 venille
464 1435 499 1496 in
526 1434 637 1495 fratris
665 1433 841 1516 amplexus.
890 1431 1029 1515 Cognito
1051 1433 1224 1496 Ciceronis
1248 1435 1314 1496 dis·

277 1555 292 1612 p
317 1517 424 1590 cell'u,
447 1516 580 1580 Clodius
600 1514 751 1577 exsilium
769 1514 801 1577 ei
822 1513 952 1587 scirit„
967 1535 1047 1598 aqua
1070 1529 1103 1576 et
1120 1515 1192 1598 igni
1208 1517 1313 1581 inter·

246 1599 248 1605 ’
318 1597 426 1673 dicto,
454 1599 641 1682 vetitoque,
674 1617 707 1656 ue
732 1617 749 1655 a
771 1615 903 1678 quoquam
924 1600 1000 1655 intra
1021 1600 1262 1680 quingentarum
1281 1597 1313 1658 at
1355 1619 1356 1672 ᾗ

316 1679 384 1740 urbe
407 1679 527 1740 milliare
545 1699 614 1740 recto
634 1681 812 1759 reciperetur.
844 1674 949 1758 ssqois
970 1682 1045 1736 intra
1064 1700 1108 1738 eos
1119 1673 1192 1756 fines
1207 1684 1312 1762 ipJum,
1355 1679 1356 1710 ³

317 1779 366 1820 aar
391 1781 407 1818 a
432 1781 484 1841 quo
508 1778 632 1840 receptus
658 1777 728 1820 recto
753 1759 834 1839 resset,
851 1757 1014 1840 occidisset,
1045 1779 1078 1819 ut
1103 1765 1213 1840 impone
1239 1761 1312 1842 effic.
1355 1745 1356 1828 i

342 1863 399 1904 uae
418 1844 506 1904 tant'o
526 1842 668 1903 otitnium
688 1855 775 1904 metu
792 1841 915 1925 perlata
933 1841 1060 1923 rogatio
1077 1839 1139 1912 est,
1163 1846 1313 1906 ucetiam
1355 1853 1356 1912 t

318 1862 521 1988 brenuissimi
546 1925 667 2010 quique
690 1923 859 1986 Ciceronis
889 1922 1082 1985 defensores
1108 1924 1314 1987 adsentiren·

138 1997 253 2054 Sssm'
261 1998 306 2052 οἵ·
319 2021 383 2070 tur.
427 2007 565 2070 Senatus
599 2020 706 2068 tamen
733 2003 864 2091 publice
894 2005 1028 2092 regibus
1059 2006 1313 2094 civitatibusque
1355 2047 1356 2052 κ

121 2081 307 2211 εζζᾜκΐ·
320 2087 557 2154 commendarit
576 2087 693 2152 virum.

51 2221 53 2226 ’
122 2207 200 2262 ΗΜ·
382 2194 522 2286 'cxxnt
559 2217 611 2282 Ob
630 2237 697 2280 eam
718 2237 807 2290 rem,
837 2229 871 2280 et
894 2217 1027 2301 propria
1045 2219 1162 2288 merita
1179 2219 1313 2285 samam·
1355 2251 1356 2292 t

320 2325 403 2389 que,
431 2302 645 2388 plurimorum
666 2299 772 2363 obviis
794 2297 904 2362 studiis
926 2315 1079 2384 exceptus
1099 2302 1310 2390 adjutusque,
1355 2303 1356 2392 i

304 2397 445 2462 ,tamem
469 2405 570 2468 quum
587 2381 746 2446 Vibonem
765 2381 918 2454 venillct,
940 2383 1088 2453 aVibio,
1112 2405 1209 2468 quem
1232 2387 1313 2448 mul·
1355 2401 1356 2406 ’

318 2466 362 2530 tis
380 2464 545 2528 adfecerat
563 2463 745 2534 beneficiis,
768 2463 1032 2548 praefectumque
1050 2465 1177 2528 iabrdnr
1191 2467 1312 2530 babue-
1355 2515 1356 2540 ,

317 2561 369 2611 rat
385 2547 421 2608 in
437 2547 622 2622 consulatu,
647 2545 749 2608 'domo
772 2545 937 2624 exclusus,
967 2548 1061 2622 etiam
1079 2571 1096 2610 a
1113 2549 1148 2610 C.
1170 2551 1313 2633 Virgilio
1355 2557 1356 2572 ¹

318 2631 431 2694 literas
457 2629 601 2714 accepit,
632 2626 788 2698 abstinere
814 2627 925 2690 Sicilia
947 2627 1106 2707 jubentes.
1146 2633 1264 2718 igitur,
1293 2654 1315 2694 a
1355 2637 1356 2670 ³

318 2710 497 2774 Brundisio
525 2711 764 2784 transmittens,
796 2723 958 2794 ventoque
992 2711 1155 2790 rejectus,
1193 2715 1316 2776 iterato

320 2813 419 2857 cursu
434 2791 667 2875 Dyrrhachium
684 2792 797 2856 tenuit.
827 2791 892 2863 ibi,
915 2791 989 2874 quia
1005 2791 1092 2856 inte-1·
1108 2796 1319 2860 exscenden-

320 2873 396 2938 dum
416 2889 504 2938 terra
521 2888 718 2948 tremuerat,
746 2887 779 2936 et
799 2873 1059 2970 reciprocarerat
1082 2898 1227 2962 aequor,
1260 2899 1318 2941 ce-

318 2957 423 3019 lerem
443 2957 475 3019 ei
494 2955 634 3018 reditum
654 2969 743 3019 vatos
763 2955 1003 3039 praedixerunt.
1036 2961 1111 3042 lpse
1128 2974 1237 3022 tamen
1255 2963 1319 3024 tri-
1355 2991 1356 3038 t

318 3037 373 3102 llis
393 3053 426 3102 et
444 3037 588 3120 abjectus
607 3037 733 3113 animo,
763 3057 951 3122 quamquam
975 3041 1133 3102 Graeciae
1160 3042 1320 3105 civitates
1344 3051 1356 3144 l

260 3128 261 3136 ’
318 3117 430 3184 [ludiis
448 3121 482 3181 in
500 3139 572 3181 eum
592 3119 774 3193 certabant,
804 3120 1018 3204 privatimque
1036 3123 1217 3193 amicornm
1239 3125 1323 3187 oili-
1355 3147 1356 3178 t

319 3201 369 3264 cia
388 3215 595 3286 supereraut3
617 3221 682 3263 non
700 3201 836 3263 aliorum
855 3203 1150 3276 consolationibus,
1174 3227 1244 3268 non
1270 3230 1323 3270 sa·
1355 3179 1356 3264 i

316 3284 462 3368 pientiae
483 3281 633 3356 monitis,
660 3303 849 3369 quamquam
865 3283 900 3346 id
918 3281 1052 3348 studium
1067 3288 1252 3372 praecipue
1271 3290 1321 3370 ja·

318 3379 406 3427 ctare
427 3365 559 3438 solitus,
582 3365 799 3428 adlevabatur.

157 3453 305 3530 centrata
380 3473 522 3535 CXXIV.
552 3474 678 3534 Interea
701 3455 834 3536 Clodius
853 3473 936 3535 bona
959 3471 1032 3552 ejus¹
1048 3473 1241 3556 subjecerat
1262 3477 1325 3539 ba-

130 3543 284 3630 ?ffltt't'ffl·
317 3548 397 3626 liae,
427 3573 488 3615 uec
508 3569 668 3618 sectorem
688 3550 883 3640 reperiebat.
925 3555 1069 3618 incendit
1089 3578 1174 3640 ergo
1195 3557 1327 3636 villas,

130 3627 260 3687 mili·
317 3633 436 3708 diruit,
459 3635 548 3698 relut
563 3637 774 3721 publicatam,
799 3637 927 3700 domum
939 3681 947 3714 ,
968 3637 1219 3702 areaLibertati
1234 3662 1329 3705 con·
1355 3685 1356 3710 t

330 3835 334 3840 “
351 3821 421 3892 Cap.
438 3821 535 3876 CXXI.
554 3822 620 3878 Val.
636 3825 725 3880 Max„
737 3825 798 3882 Cic.
816 3845 873 3901 pro
888 3827 965 3882 Sext.
983 3827 1063 3894 c.54.
1100 3825 1175 3896 Cap.
1192 3827 1329 3885 cxxtt.

316 3887 378 3946 Cic.
396 3889 432 3944 de
448 3889 546 3944 Diviu.
571 3891 647 3946 Plut.
672 3893 740 3950 Dio.
760 3895 821 3950 Cic.
838 3913 895 3970 pro
908 3897 1015 3958 Domo,
1034 3913 1059 3949 c.
1077 3895 1118 3948 18.
1137 3895 1224 3950 Plut.
1248 3901 1330 3956 Dio.

316 3957 378 4016 Cic.
400 3953 437 4012 ad
451 3959 509 4012 tu.
526 3961 554 4024 3,
570 3965 595 4024 t.
622 3959 834 4019 cte-adram.
855 3967 938 4032 rm.
967 3963 1032 4018 Dio.
1062 3967 1105 4034 dp
1130 3963 1193 4018 ian.
1240 3969 1334 4044 Cap.

316 4027 444 4083 Clllllll.
472 4027 534 4082 Cic.
553 4045 612 4100 pro
628 4030 726 4086 Plano.
738 4049 768 4099 c.
784 4035 827 4089 da.
852 4033 927 4086 Plut.
951 4033 1013 4089 Cic.
1032 4051 1089 4105 pro
1105 3981 1208 4088 itane.
1233 4054 1268 4090 c..
1282 4052 1333 4102 4⁰.

313 4097 391 4222 glipt.
401 4093 480 4242 Aeppu
482 4095 530 4225 aii.
534 4097 593 4153 att.
604 4096 644 4154 ed
652 4101 771 4159 Terent.
782 4100 820 4160 ad
828 4103 863 4184 Q.
872 4104 969 4160 Fratr.
986 4102 1064 4159 Plut.
1087 4101 1334 4176 capcxxw.
