2734 4688
251 279 295 340 IN
316 273 467 342 Locum
487 277 570 341 LIB.
591 279 735 346 XCVIII.
757 277 871 346 mvn.
918 341 926 352 ,
1012 287 1070 359 [μι

69 487 159 572 Quod
177 487 222 550 uti
238 486 348 569 facias,
370 509 461 549 moneo
481 487 647 572 hortorque,
672 505 725 545 suu
745 484 826 548 malis
843 491 963 569 pernicie
981 489 1071 570 austro
1101 436 1247 556 nnbat.

70 591 156 630 erotem
177 573 321 650 imperium
339 569 502 652 prolatore,
523 589 603 650 quam
617 570 747 652 fidetem
766 572 854 631 viceor
871 565 949 649 fieti.
1100 561 1231 638 Μ’νθθ·

132 699 218 760 th.
240 699 381 776 Romae,
403 697 456 762 hie
473 697 574 762 rebus
593 699 724 773 auditis,
744 699 988 798 haudquaquam
1009 721 1070 784 pro
1096 723 1263 782 lumem„

71 781 193 843 metito
207 781 337 842 Luculli
354 781 456 865 gratia
470 780 544 844 fuit.
569 783 649 866 quin
666 779 808 865 elapsum
816 785 992 866 'l'agnanem
1010 785 1069 844 im·
1084 797 1259 850 videsomn-

71 863 246 947 putabant‚
268 877 302 924 et
320 863 453 948 imperii
472 879 563 927 certe
582 861 756 925 dulcedine
772 862 867 927 boca
892 865 920 937 i,
942 879 978 928 ut
994 885 1070 952 per·
1083 863 1259 920 tonsum„

69 959 170 1029 petua
188 945 230 1007 iis
250 946 334 1010 locis
350 947 436 1009 bella
453 948 564 1010 client.
607 945 710 1028 Igitur
728 957 794 1006 tum
812 884 943 1030 quidem
959 967 1071 1029 praeto·
1083 933 1123 988 '¹‘-

69 1051 114 1088 res
128 1033 234 1110 Joniri
254 1027 411 1110 quIerunt
428 1029 532 1112 Assone·
556 1025 682 1090 deinde,
695 1025 925 1103 decreverunt,
946 1050 979 1089 ut
998 1028 1072 1088 alter

63 1110 205 1192 ftquemis
232 1115 297 1170 coorti
323 1110 460 1193 eootsulum
483 1109 654 1190 succedam:
684 1129 876 1193 quemquam
905 1109 978 1172 sine
1006 1111 1070 1172 ulla

68 1191 190 1254 aerarii
212 1189 372 1266 molestia,
402 1190 491 1254 bello
514 1205 618 1255 semet
636 1189 761 1264 alente,
795 1203 843 1253 tot
862 1193 1070 1276 amplissimae

91 1273 262 1336 revincite
284 1275 407 1358 populo
428 1277 575 1336 Romano
602 1271 854 1357 quaerebantur.
897 1273 964 1336 Sed
985 1275 1070 1336 invi·

66 1297 142 1428 dis,
174 1376 256 1440 quae
283 1357 477 1452 plerumque
507 1355 628 1418 bonum
655 1354 822 1437 publicum
848 1355 968 1430 vineit,
1001 1369 1071 1418 tum

68 1437 203 1520 quidem
228 1449 339 1522 ponor
355 1437 395 1498 ad
420 1435 627 1499 minuendam
651 1436 766 1496 summi
791 1435 1070 1522 imperatoriedi-

66 1521 246 1604 quitatem,
268 1540 362 1606 quam
386 1519 426 1582 od
447 1518 626 1604 sugendum
648 1519 753 1602 virtus
771 1517 845 1582 luit.

128 1653 231 1716 LXII.
262 1651 392 1716 Alienis
415 1671 546 1738 quoque
574 1651 667 1715 vitiis
691 1647 908 1730 miscebatur3
940 1651 1068 1712 Ponticos
1099 1687 1132 1743 u
1148 1691 1228 1747 cm·

67 1739 248 1815 Imperatores
268 1735 323 1814 sobi
349 1734 499 1816 prosocero
530 1731 619 1812 poffe,
653 1733 844 1814 rempublicam
872 1733 928 1813 pasl
952 1737 1066 1816 privato
1080 1729 1244 1818 mam

67 1817 205 1876 commoda
231 1815 350 1889 ducere,
383 1815 592 1878 clamantibus
621 1815 731 1877 multis
743 1835 753 1893 3
788 1813 878 1898 quod
901 1819 947 1877 M.
972 1815 1065 1878 Cotta
1077 1843 1183 1882 vorsus.

67 1905 176 1980 nuper
203 1917 275 1960 cum
305 1896 479 1960 invidiosis
509 1897 627 1982 opibus
654 1895 809 1960 redieret.
859 1898 919 1970 Et,
955 1917 1065 1980 quam-

68 2002 182 2062 quam,
216 1979 382 2042 minuendi
410 1983 553 2044 rumoris
576 1981 697 2055 csuss'a,
729 1997 875 2062 magnam
896 1979 1068 2061 pecuniam

65 2061 99 2124 in
117 2061 280 2124 aerarium
295 2063 465 2138 intulerat,
488 2063 638 2126 manebat
652 2061 785 2146 opinio,
809 2058 850 2120 de
867 2060 976 2122 multis
994 2081 1068 2122 eum
1164 2103 1168 2111 ι

64 2165 168 2230 pauca
186 2145 307 2239 populo
321 2147 467 2208 Romano
488 2145 621 2208 dedille.
659 2149 774 2288 Neque
791 2140 885 2203 aliam
901 2141 1067 2204 veriorem

69 2227 206 2288 caulium
229 2225 322 2288 tuine
340 2227 511 2298 nolebant,
542 2247 602 2288 cur
628 2246 709 2310 quae
737 2243 828 2286 orem
851 2243 924 2286 ese
941 2225 979 2284 P.
997 2222 1066 2308 Op·

65 2309 157 2392 pium
188 2307 368 2371 dimisiss'et.
418 2309 520 2395 Atqui
541 2307 689 2393 Oppius,
721 2327 819 2392 quum
844 2305 887 2368 ob
909 2305 1066 2390 pecunias
1169 2375 1172 2382 ¹

67 2391 152 2468 tnale
171 2402 299 2472 captas,
322 2405 355 2452 et
371 2389 491 2452 cibaria
509 2391 648 2454 militum
664 2389 827 2464 fraudate,
850 2409 868 2450 s
912 2386 1065 2450 reconsu-

66 2471 97 2534 Ie
116 2471 344 2555 ablegaretur,
367 2473 463 2536 etiam
480 2471 652 2536 insidiatus
672 2471 722 2533 illi
736 2471 861 2543 iuerat,
883 2410 1067 2556 deprehen-

69 2574 213 2639 susque,
235 2553 310 2614 dum
330 2568 449 2618 tectum
474 2553 559 2618 vesse
580 2553 757 2641 pugionem
778 2565 913 2614 conatur
931 2550 1067 2647 expedi·
1177 2577 1178 2581 ¹

68 2656 117 2696 re.
164 2636 230 2698 Sed
251 2635 334 2720 apud
354 2638 461 2708 iratos
476 2637 591 2710 etiam,
613 2657 695 2720 quae
713 2633 884 2696 sublevere
900 2631 1066 2694 hommem

67 2715 267 2796 debuerant,
291 2723 377 2785 ultro
397 2721 432 2784 in
450 2721 574 2784 crimen
595 2717 803 2789 vocabantur,

130 2856 245 2918 LXIII.
276 2843 409 2917 Idcirco
421 2861 560 2940 propter
576 2850 664 2912 illius
685 2844 844 2910 offensam
855 2838 1064 2939 Heeaeleotie
1093 2863 1258 2928 fimum·

67 2938 263 3023 aequiores,
292 2937 412 3000 dimitti
431 2935 577 3020 captivos
597 2933 746 3002 illorum,
776 2927 987 3008 libertateque
1010 2941 1064 2985 re·

68 3019 155 3081 stitui
174 3020 341 3100 jullerunt.
382 3019 528 3162 {aarum
545 3011 803 3094 Thrasymedes,
824 3027 921 3094 quum
937 3006 970 3067 ei
985 3024 1064 3068 con-

68 3103 198 3167 cionem
221 3103 371 3164 iuimicus
416 3113 501 3162 ottae
518 3097 624 3161 Carbo
642 3083 850 3180 praebuisset,
870 3087 1064 3182 Heraclien-

69 3185 153 3244 sium
176 3181 293 3246 delleta
316 3182 515 3256 calamitate,
545 3175 763 3240 innocentiam
785 3174 935 3242 illorum,
959 3188 1065 3231 saeva-

65 3267 212 3352 tiamque
239 3280 272 3328 et
295 3263 480 3328 aviditatem
499 3264 613 3324 Cottae
636 3256 794 3342 oapolbit.
837 3253 941 3316 Simul
961 3250 1064 3335 copti-

67 3369 187 3413 vorum
203 3345 386 3418 multitudo,
409 3344 613 3429 pmmiscuus
630 3351 907 3430 sexus‘aetaaque,
928 3347 1063 3420 proten-

67 3435 118 3495 sis
144 3430 327 3514 supplicum
355 3427 476 3501 ramis,
512 3425 601 3488 velut
627 3421 757 3506 panIca
787 3416 1062 3504 comploratione,

63 3513 225 3599 populum
250 3511 434 3573 movebant.
477 3509 571 3571 Cotta
596 3502 715 3566 deinde
741 3521 842 3586 panos
866 3521 928 3588 pro
954 3517 990 3560 se
1013 3498 1062 3558 Io-

66 3609 193 3682 quuto,
217 3609 255 3656 et
275 3591 315 3654 ad
334 3591 448 3678 populi
466 3590 579 3674 julium
597 3597 754 3658 vocante,
786 3603 924 3668 surgens
943 3579 1060 3678 Carbo,

65 3684 159 3758 copi,
191 3675 315 3759 inquit,
329 3746 332 3752 Ι
347 3673 529 3744 Heracleam,
558 3691 612 3730 amos
630 3667 768 3748 exscindi,
791 3669 934 3748 jussimus.
976 3665 1061 3726 Alus

64 3783 135 3848 quo
160 3781 201 3822 ue
221 3763 346 3822 Cottam
365 3753 605 3826 incusantibus,
627 3749 805 3834 praecipuo
823 3751 982 3815 Carbonis
1000 3749 1062 3846 llu-

64 3849 125 3908 dio
137 3781 316 3906 bennatus
341 3837 394 3903 est.
444 3838 572 3901 Exsilio
591 3849 697 3898 tamen
715 3833 864 3909 remiIIo,
888 3833 1079 3898 senatorias¹

63 3927 254 4010 insignibus
269 3923 390 3986 caruit:
410 3919 706 4004 Heracleotisegee
715 3926 908 4004 portusque,
928 3929 962 3978 et
974 3913 1062 4000 quod

100 4119 176 4192 Cap.
191 4119 268 4174 XLI.
293 4117 363 4174 Dio.
382 4117 460 4173 Plut.
478 4111 593 4170 Lucull.
629 4108 669 4168 Ca
694 4107 803 4166 .1,x11.
822 4109 971 4163 Memnon.
989 4101 1059 4175 uto,

63 4187 146 4246 131).
185 4191 259 4266 Gap.
275 4187 379 4248 tutu.
397 4189 549 4246 Memnon·
567 4179 635 4240 Vel·
685 4197 730 4238 ss.
747 4181 779 4246 ὅ,
795 4177 821 4247 l,
837 4183 866 4249 4.
885 4177 1034 4234 Memnon.
1039 4211 1047 4246 ,
