2724 4706
261 284 307 369 tr
327 278 481 372 toccu
500 241 583 354 tte.
607 261 693 358 ctu
712 287 827 358 ttvtt.
983 292 1048 378 tm

52 513 146 556 muns
162 491 337 556 discrimen
355 494 451 570 effet,
481 498 703 582 septimaeque
721 496 978 566 etduodeeimee
995 503 1042 566 le·
1071 503 1217 576 Rufio&

55 576 194 657 gionum
216 577 425 638 centuriones
449 579 684 662 propemodum
707 601 818 644 omnes
837 585 1043 660 cecidiffent‚
1061 573 1110 630 Ἀ·
1122 575 1155 632 0·
1169 581 1216 644 57·

56 663 197 732 Caesar,
226 672 261 720 ut
280 671 442 721 nutantem
466 663 644 724 exercitum
664 657 887 736 confirmaret,
913 680 1005 749 rapto
1025 689 1045 728 e

52 759 156 804 manu
172 741 285 803 militis
303 754 413 814 scuto,
437 743 470 804 in
489 745 624 826 primam
641 745 741 808 eciem
760 749 928 829 provolat,
948 750 1065 830 proe-'

54 819 205 919 liumque
223 820 376 885 restituit:
399 823 504 887 donec
524 825 605 888 duee
618 825 791 910 legiones,
813 828 894 912 quae'
909 829 1048 913 impedi.
1094 899 1095 906 ἵ

52 917 178 966 mentis
196 904 329 968 relictae
347 907 511 995 praesidio
529 907 677 982 fuerant,
699 923 732 971 et
749 909 789 970 eb
805 911 968 982 Labieno,
992 912 1048 996 qui
1086 959 1088 978 t

52 983 158 1048 castra
176 988 306 1050 interim
324 987 459 1050 hostiurn
478 1006 627 1074 ceperat,
650 989 738 1070 misia
758 989 893 1068 decima,
916 1013 1049 1056 succur-
1083 987 1085 996 ’

51 1087 137 1132 rere
157 1069 377 1134 laborantibus
392 1086 578 1156 potuerunt.
621 1071 746 1136 Horum
765 1065 962 1158 supervento
979 1097 1049 1136 tnu-

51 1161 123 1214 teta
139 1151 270 1215 fortune
286 1152 341 1226 eli,
362 1151 563 1240 hostiumque
577 1169 665 1219 totus
683 1153 788 1218 iertne
807 1159 970 1222 exercitus
987 1179 1048 1242 pu·

54 1233 190 1316 gnendo
208 1233 345 1298 deletus.

121 1381 191 1446 LX.
218 1381 292 1444 Hoc
309 1383 438 1468 proelio
457 1383 561 1460 iacto,
583 1383 722 1464 majores
742 1399 818 1448 netu
833 1381 1041 1458 Nerviorum,
1077 1397 1227 1474 mutaque,

56 1483 146 1546 quos
173 1486 245 1528 curn
268 1465 381 1550 pueris
401 1479 497 1550 atque
519 1459 711 1530 mulieribus
731 1465 766 1530 in
787 1468 856 1530 loca
876 1465 1047 1552 paludibus

54 1544 149 1607 invia
169 1547 341 1622 miserant,
372 1547 501 1622 Caesari
521 1569 557 1610 se
576 1547 782 1610 dediderunt.
813 1547 930 1610 borum
949 1545 1049 1632 legati
1118 1573 1125 1594 t

55 1625 95 1686 in
115 1629 305 1716 exponenda
321 1629 463 1712 civitatis
484 1629 662 1692 calamitate
681 1627 850 1706 dixerunt,
872 1629 906 1689 de
919 1627 1048 1712 sexagie-

57 1729 93 1769 ta
119 1712 238 1772 millrbas
260 1717 427 1772 armatarum
452 1731 506 1772 uon
528 1711 643 1792 amplias
667 1713 825 1796 quingentos
840 1709 991 1790 superrise‚
1021 1729 1050 1770 et

58 1785 123 1854 tres
139 1787 283 1852 elmodam
293 1791 433 1873 senatores
448 1793 482 1852 de
498 1793 714 1876 quadringentis.
759 1795 878 1854 Caesar
895 1794 1050 1854 misertus

58 1875 133 1936 suis
152 1895 209 1937 eos
228 1871 346 1945 finibus
365 1874 560 1959 oppidisque
578 1872 664 1954 juffit
678 1873 742 1935 uti:
764 1869 975 1956 finitimisque
990 1874 1050 1934 int-

55 1959 210 2052 pereqss,
241 1977 282 2016 ne
309 1977 403 2042 quatu
427 1956 573 2020 lacerent
598 1955 712 2042 populi
732 1956 869 2018 Ilomeni
889 1953 1050 2018 dedititiis

56 2059 225 2118 rupertum.

124 2187 208 2248 cxl.
230 2185 389 2260 Mastitai,
412 2186 617 2252 Cimbrorum
630 2190 918 2270 Teutonorumque
931 2205 1052 2270 proge·
1081 2205 1238 2265 mapa„

56 2266 156 2340 nica,
189 2287 229 2330 ex
247 2269 290 2330 iis
302 2271 392 2342 orti,
422 2269 477 2352 qui
498 2289 595 2354 apro
621 2268 786 2332 arentibus
804 2270 839 2333 in
857 2269 977 2330 ltaliam
999 2289 1052 2331 rc·
1063 2277 1174 2334 dedam

58 2351 136 2412 lieti
155 2369 229 2414 cum
245 2352 484 2448 impedimentis
499 2353 533 2413 in
547 2294 650 2414 Gellia
663 2351 811 2436 luerent,
834 2371 930 2434 quum
944 2349 984 2412 sd
997 2369 1053 2412 au·
1125 2393 1129 2406 ·

57 2433 178 2494 siliunt
200 2437 397 2534 Neprrrorunr
423 2435 528 2496 serius
556 2433 637 2495 moti
661 2433 781 2509 silent,
817 2453 930 2493 eorum
952 2432 1054 2492 cledis

58 2516 186 2578 suuncio
203 2529 349 2600 eccepto,
371 2515 553 2578 retulerunt
567 2535 604 2577 se
618 2511 757 2586 domum,
779 2513 986 2596 desertisque
1000 2533 1054 2574 ce-

57 2597 149 2658 teris
170 2595 299 2682 oppidis
318 2611 413 2680 etque
431 2593 566 2658 cellellis
587 2591 752 2666 omnibus,
775 2594 808 2656 in
829 2615 943 2663 unum,
966 2594 1056 2678 quod

60 2677 213 2740 omnium
225 2692 336 2740 nature
350 2677 690 2748 munitillimumerut,
710 2696 746 2740 se
763 2677 979 2740 incluserumt
1002 2695 1055 2738 ac-

60 2760 288 2844 cedentesque
308 2763 471 2822 Romanos
495 2759 622 2822 crebris
646 2757 893 2822 excursionibus
919 2757 1052 2829 morati,

59 2843 105 2908 ed
128 2843 246 2904 vallum
268 2839 439 2903 duodecim
483 2841 595 2914 edunt,
622 2839 760 2902 circuitu
777 2837 963 2923 quindecim
981 2837 1077 2906 mil.¹

61 2927 166 2999 liuta,
188 2921 368 3008 crebreque
383 2863 509 2988 castella
525 2921 874 2986 excitsnde.Caesarem
889 2939 960 2984 corn
985 2920 1056 2980 ule-

61 3021 156 3070 runt.
196 3001 365 3090 Poltquatn
394 3027 431 3068 ca
457 3003 551 3068 laeta'
566 3017 658 3078 sunt,
689 3015 723 3064 et
748 3002 864 3087 procul
890 2941 1057 3073 eedidcuri

62 3089 185 3154 turrim
206 3085 377 3162 viderunt,
408 3087 622 3152 ridiculares
644 3085 767 3169 ignaris
787 3085 874 3148 risa:
906 3082 1056 3168 inerepa-

62 3184 210 3258 suntque
228 3167 269 3232 de
289 3189 400 3243 moro,
432 3167 559 3254 quorsum
576 3169 691 3228 baraiaet
710 3169 795 3246 irrepsi
811 3183 888 3226 tenta
903 3183 985 3245 apere
998 3182 1058 3226 trta.

62 3253 215 3315 lirenrur?
234 3271 303 3312 autre
311 3253 467 3336 sperarent,
490 3247 609 3310 tantillis
625 3249 782 3328 torporibus
798 3249 885 3328 (nem
900 3265 1057 3330 praema-
1103 3323 1106 3330 Ι
1150 3313 1155 3318 ,

63 3331 241 3421 gnitudine
260 3353 316 3394 sue
330 3331 476 3396 daturam
485 3333 702 3394 Romanorum
720 3327 943 3412 despiciebant
954 3327 1056 3406 Gelli)
1163 3401 1167 3406 1

62 3437 175 3492 taetram
201 3415 294 3476 attalem
318 3417 348 3474 iu
375 3435 464 3474 muros
487 3411 556 3496 poffe
577 3409 728 3472 attollere?
760 3411 827 3472 Sed
851 3409 906 3470 ubi
930 3407 1057 3472 moveri

33 3497 38 3508 '
61 3498 207 3571 turrim,
229 3495 390 3592 simulque
408 3509 547 3557 armatos
565 3495 598 3554 in
618 3513 656 3556 ee
674 3489 787 3554 llantes
807 3488 977 3561 viderunt,
1000 3509 1058 3551 ex·

60 3581 180 3647 territi
196 3577 284 3642 velut
303 3579 475 3650 miraculo,
498 3577 657 3638 miserunt
676 3575 820 3657 legatos,
843 3571 994 3651 eaisliraote
1004 3571 1055 3651 se,

62 3685 124 3726 rtou
146 3659 200 3746 uifi
211 3659 337 3724 Deorum
358 3677 405 3740 ope
425 3659 527 3721 bellare
542 3659 709 3729 Romattos‚‘
741 3659 769 3714 ai
790 3673 882 3714 taetrae
901 3653 1059 3712 altitudinis

62 3763 155 3828 opera
171 3763 227 3802 rara
243 3737 369 3801 celeriter
384 3757 576 3826 promoveam:
603 3743 693 3822 iraque
708 3677 740 3820 Ji
750 3735 853 3818 sataque
869 3733 982 3796 illorum
991 3731 1061 3814 fidei

62 3827 248 3914 permittere:
279 3842 362 3883 artum
383 3820 539 3916 deprecari,
562 3827 596 3880 tte'
616 3823 693 3879 mma
708 3820 825 3879 erodere
838 3829 986 3900 cogeretur,
1002 3811 1062 3902 v(irae

63 3913 110 3976 bis
130 3907 249 3988 praedae
273 3906 369 3966 uieirtt's
389 3903 499 3992 populis
515 3895 630 3988 fitteri,
660 3898 757 3989 quibat
778 3896 906 3983 demutas
925 3895 1064 3994 deniteat
1163 3925 1167 3932 ·

64 3986 274 4078 confheurffent·
312 3991 316 4002 '
486 3989 489 3996 ’
620 3995 624 4008 '
776 3984 803 4019 ³·
915 3984 919 4009 ¹

70 4131 416 4169 ··········.···t··········''

104 4162 363 4274 Creblbjl’tutss
380 4139 959 4266 ·e1n;'t.fio.·'r'iliebie'testib
974 4143 1065 4282 deit·
