<?xml version="1.0" encoding="UTF-8"?>
<!DOCTYPE html PUBLIC "-//W3C//DTD XHTML 1.0 Transitional//EN"
    "http://www.w3.org/TR/xhtml1/DTD/xhtml1-transitional.dtd">
<html xmlns="http://www.w3.org/1999/xhtml" xml:lang="en" lang="en">
 <head>
  <title>
</title>
<meta http-equiv="Content-Type" content="text/html;charset=utf-8" />
  <meta name='ocr-system' content='tesseract 3.04.00' />
  <meta name='ocr-capabilities' content='ocr_page ocr_carea ocr_par ocr_line ocrx_word'/>
</head>
<body>
  <div class='ocr_page' id='page_1' title='image "./tliviipatavinih04drakgoog_0615.png"; bbox 0 0 2702 4694; ppageno 0'>
   <div class='ocr_carea' id='block_1_1' title="bbox 213 893 1138 989">
    <p class='ocr_par' dir='ltr' id='par_1_1' title="bbox 213 893 1138 989">
     <span class='ocr_line' id='line_1_1' title="bbox 213 893 1138 989; baseline -0.005 -8"><span class='ocrx_word' id='word_1_1' title='bbox 213 931 215 940; x_wconf 82' lang='grc'><strong>’</strong></span> <span class='ocrx_word' id='word_1_2' title='bbox 314 897 320 906; x_wconf 72' lang='grc'>’</span> <span class='ocrx_word' id='word_1_3' title='bbox 380 893 712 989; x_wconf 63' lang='lat' dir='ltr'><strong>&#39;consumo</strong></span> <span class='ocrx_word' id='word_1_4' title='bbox 753 901 1138 976; x_wconf 77' lang='lat' dir='ltr'><strong>unctnsmtnsst</strong></span> 
     </span>
    </p>
   </div>
   <div class='ocr_carea' id='block_1_2' title="bbox 355 1077 1266 1154">
    <p class='ocr_par' dir='ltr' id='par_1_2' title="bbox 355 1077 1266 1154">
     <span class='ocr_line' id='line_1_2' title="bbox 355 1077 1266 1154; baseline -0.001 0"><span class='ocrx_word' id='word_1_5' title='bbox 355 1091 720 1154; x_wconf 79' lang='lat' dir='ltr'><strong>screnuuuuronou</strong></span> <span class='ocrx_word' id='word_1_6' title='bbox 735 1091 1210 1153; x_wconf 66' lang='lat' dir='ltr'><strong>etvmonuunnrunxn</strong></span> <span class='ocrx_word' id='word_1_7' title='bbox 1262 1077 1266 1084; x_wconf 79' lang='lat'><em>‘</em></span> 
     </span>
    </p>
   </div>
   <div class='ocr_carea' id='block_1_3' title="bbox 342 1214 1107 1360">
    <p class='ocr_par' dir='ltr' id='par_1_3' title="bbox 342 1214 1107 1360">
     <span class='ocr_line' id='line_1_3' title="bbox 342 1214 1107 1360; baseline -0.004 -40"><span class='ocrx_word' id='word_1_8' title='bbox 342 1214 345 1229; x_wconf 75' lang='grc'><strong>’</strong></span> <span class='ocrx_word' id='word_1_9' title='bbox 445 1217 671 1324; x_wconf 77' lang='lat' dir='ltr'><strong>innocuit</strong></span> <span class='ocrx_word' id='word_1_10' title='bbox 692 1255 807 1320; x_wconf 76' lang='lat' dir='ltr'><strong>nunni</strong></span> <span class='ocrx_word' id='word_1_11' title='bbox 828 1256 896 1322; x_wconf 86' lang='lat' dir='ltr'><strong>cv.</strong></span> <span class='ocrx_word' id='word_1_12' title='bbox 928 1259 968 1360; x_wconf 70' lang='lat' dir='ltr'><strong>r.</strong></span> <span class='ocrx_word' id='word_1_13' title='bbox 987 1257 1107 1324; x_wconf 71' lang='lat' dir='ltr'><strong>nitu.</strong></span> 
     </span>
    </p>
   </div>
   <div class='ocr_carea' id='block_1_4' title="bbox 104 1471 1294 2553">
    <p class='ocr_par' dir='ltr' id='par_1_4' title="bbox 104 1471 1294 2473">
     <span class='ocr_line' id='line_1_4' title="bbox 122 1471 1275 1572; baseline 0.001 -26"><span class='ocrx_word' id='word_1_14' title='bbox 122 1475 156 1534; x_wconf 76' lang='lat'><strong>⁰·</strong></span> <span class='ocrx_word' id='word_1_15' title='bbox 168 1493 196 1532; x_wconf 66' lang='grc' dir='ltr'><strong>θ·</strong></span> <span class='ocrx_word' id='word_1_16' title='bbox 208 1473 275 1546; x_wconf 70' lang='lat'><strong>⁶⁹⁶·</strong></span> <span class='ocrx_word' id='word_1_17' title='bbox 354 1489 379 1550; x_wconf 88' lang='lat'><strong>1.</strong></span> <span class='ocrx_word' id='word_1_18' title='bbox 402 1487 567 1550; x_wconf 81' lang='lat' dir='ltr'><strong>Bellorum</strong></span> <span class='ocrx_word' id='word_1_19' title='bbox 587 1509 625 1550; x_wconf 85' lang='lat' dir='ltr'><strong>es</strong></span> <span class='ocrx_word' id='word_1_20' title='bbox 641 1471 794 1552; x_wconf 83' lang='lat' dir='ltr'><strong>conditio&#39;</strong></span> <span class='ocrx_word' id='word_1_21' title='bbox 805 1509 902 1572; x_wconf 86' lang='lat' dir='ltr'><strong>quum</strong></span> <span class='ocrx_word' id='word_1_22' title='bbox 918 1487 1014 1562; x_wconf 71' lang='lat' dir='ltr'><strong>ciret,</strong></span> <span class='ocrx_word' id='word_1_23' title='bbox 1043 1501 1082 1566; x_wconf 75' lang='lat' dir='ltr'><strong>nt</strong></span> <span class='ocrx_word' id='word_1_24' title='bbox 1097 1501 1209 1550; x_wconf 86' lang='lat' dir='ltr'><strong>tamen</strong></span> <span class='ocrx_word' id='word_1_25' title='bbox 1226 1485 1275 1548; x_wconf 81' lang='lat' dir='ltr'><strong>in·</strong></span> 
     </span>
     <span class='ocr_line' id='line_1_5' title="bbox 114 1545 1274 1670; baseline 0.002 -40"><span class='ocrx_word' id='word_1_26' title='bbox 114 1545 209 1670; x_wconf 44' lang='grc' dir='ltr'><strong>θ’θ’</strong></span> <span class='ocrx_word' id='word_1_27' title='bbox 226 1547 272 1668; x_wconf 46' lang='lat'><strong>{⁶7</strong></span> <span class='ocrx_word' id='word_1_28' title='bbox 292 1569 421 1633; x_wconf 88' lang='lat' dir='ltr'><strong>terdum</strong></span> <span class='ocrx_word' id='word_1_29' title='bbox 439 1567 506 1653; x_wconf 81' lang='lat' dir='ltr'><strong>poli</strong></span> <span class='ocrx_word' id='word_1_30' title='bbox 522 1569 632 1654; x_wconf 72' lang='lat' dir='ltr'><strong>gravia</strong></span> <span class='ocrx_word' id='word_1_31' title='bbox 646 1583 681 1635; x_wconf 87' lang='lat' dir='ltr'><strong>et</strong></span> <span class='ocrx_word' id='word_1_32' title='bbox 698 1569 819 1632; x_wconf 84' lang='lat' dir='ltr'><strong>atrocia</strong></span> <span class='ocrx_word' id='word_1_33' title='bbox 837 1569 948 1631; x_wconf 86' lang='lat' dir='ltr'><strong>damna</strong></span> <span class='ocrx_word' id='word_1_34' title='bbox 964 1590 1043 1654; x_wconf 86' lang='lat' dir='ltr'><strong>pace</strong></span> <span class='ocrx_word' id='word_1_35' title='bbox 1059 1581 1117 1632; x_wconf 88' lang='lat' dir='ltr'><strong>aut</strong></span> <span class='ocrx_word' id='word_1_36' title='bbox 1132 1568 1274 1632; x_wconf 83' lang='lat' dir='ltr'><strong>induciis</strong></span> 
     </span>
     <span class='ocr_line' id='line_1_6' title="bbox 104 1633 1278 1738; baseline -0.003 -23"><span class='ocrx_word' id='word_1_37' title='bbox 104 1633 605 1738; x_wconf 54' lang='lat' dir='ltr'><strong>„2122&#39;{,‚&#39;inrerquisscarent‚</strong></span> <span class='ocrx_word' id='word_1_38' title='bbox 623 1666 679 1714; x_wconf 83' lang='lat' dir='ltr'><strong>nut</strong></span> <span class='ocrx_word' id='word_1_39' title='bbox 697 1651 808 1714; x_wconf 87' lang='lat' dir='ltr'><strong>saltem</strong></span> <span class='ocrx_word' id='word_1_40' title='bbox 826 1649 933 1714; x_wconf 87' lang='lat' dir='ltr'><strong>hieme</strong></span> <span class='ocrx_word' id='word_1_41' title='bbox 953 1653 1221 1730; x_wconf 75' lang='lat' dir='ltr'><strong>remitterentnr3</strong></span> <span class='ocrx_word' id='word_1_42' title='bbox 1243 1653 1278 1712; x_wconf 90' lang='lat' dir='ltr'><strong>in</strong></span> 
     </span>
     <span class='ocr_line' id='line_1_7' title="bbox 104 1731 1277 1818; baseline -0.002 -20"><span class='ocrx_word' id='word_1_43' title='bbox 104 1749 270 1808; x_wconf 63' lang='lat' dir='ltr'><strong>mm,</strong></span> <span class='ocrx_word' id='word_1_44' title='bbox 292 1735 394 1803; x_wconf 79' lang='lat' dir='ltr'><strong>urbe,</strong></span> <span class='ocrx_word' id='word_1_45' title='bbox 417 1752 481 1794; x_wconf 91' lang='lat' dir='ltr'><strong>non</strong></span> <span class='ocrx_word' id='word_1_46' title='bbox 502 1731 759 1807; x_wconf 81' lang='lat' dir='ltr'><strong>conditionibus,</strong></span> <span class='ocrx_word' id='word_1_47' title='bbox 782 1753 847 1794; x_wconf 93' lang='lat' dir='ltr'><strong>non</strong></span> <span class='ocrx_word' id='word_1_48' title='bbox 864 1747 1012 1818; x_wconf 85' lang='lat' dir='ltr'><strong>tempore</strong></span> <span class='ocrx_word' id='word_1_49' title='bbox 1029 1731 1179 1794; x_wconf 78' lang='lat' dir='ltr'><strong>leniente</strong></span> <span class='ocrx_word' id='word_1_50' title='bbox 1191 1733 1277 1814; x_wconf 84' lang='lat' dir='ltr'><strong>iras,</strong></span> 
     </span>
     <span class='ocr_line' id='line_1_8' title="bbox 293 1811 1280 1898; baseline -0.003 -19"><span class='ocrx_word' id='word_1_51' title='bbox 293 1813 365 1879; x_wconf 89' lang='lat' dir='ltr'><strong>sine</strong></span> <span class='ocrx_word' id='word_1_52' title='bbox 383 1813 616 1894; x_wconf 77' lang='lat' dir='ltr'><strong>intermistione</strong></span> <span class='ocrx_word' id='word_1_53' title='bbox 635 1811 826 1878; x_wconf 68' lang='lat' dir='ltr'><strong>certabatur.</strong></span> <span class='ocrx_word' id='word_1_54' title='bbox 859 1821 947 1879; x_wconf 89' lang='lat' dir='ltr'><strong>Nova</strong></span> <span class='ocrx_word' id='word_1_55' title='bbox 966 1828 999 1877; x_wconf 89' lang='lat' dir='ltr'><strong>et</strong></span> <span class='ocrx_word' id='word_1_56' title='bbox 1012 1815 1131 1898; x_wconf 80' lang='lat' dir='ltr'><strong>ingens</strong></span> <span class='ocrx_word' id='word_1_57' title='bbox 1146 1828 1280 1876; x_wconf 88' lang='lat' dir='ltr'><strong>conten·</strong></span> 
     </span>
     <span class='ocr_line' id='line_1_9' title="bbox 292 1895 1294 1982; baseline -0.001 -23"><span class='ocrx_word' id='word_1_58' title='bbox 292 1897 341 1959; x_wconf 88' lang='lat' dir='ltr'><strong>tio</strong></span> <span class='ocrx_word' id='word_1_59' title='bbox 354 1914 397 1960; x_wconf 81' lang='lat' dir='ltr'><strong>ex</strong></span> <span class='ocrx_word' id='word_1_60' title='bbox 417 1915 457 1958; x_wconf 87' lang='lat' dir='ltr'><strong>eo</strong></span> <span class='ocrx_word' id='word_1_61' title='bbox 475 1911 675 1972; x_wconf 77' lang='lat' dir='ltr'><strong>surrexerat,</strong></span> <span class='ocrx_word' id='word_1_62' title='bbox 697 1895 782 1982; x_wconf 90' lang='lat' dir='ltr'><strong>quod</strong></span> <span class='ocrx_word' id='word_1_63' title='bbox 798 1897 856 1960; x_wconf 89' lang='lat' dir='ltr'><strong>Cn.</strong></span> <span class='ocrx_word' id='word_1_64' title='bbox 870 1895 1059 1982; x_wconf 77' lang='lat' dir='ltr'><strong>Pompeius,</strong></span> <span class='ocrx_word' id='word_1_65' title='bbox 1082 1899 1129 1959; x_wconf 81' lang='grc' dir='ltr'><strong>Μ.</strong></span> <span class='ocrx_word' id='word_1_66' title='bbox 1140 1896 1294 1968; x_wconf 83' lang='lat' dir='ltr'><strong>Crailns‚&#39;</strong></span> 
     </span>
     <span class='ocr_line' id='line_1_10' title="bbox 206 1971 1280 2065; baseline -0.002 -25"><span class='ocrx_word' id='word_1_67' title='bbox 206 1971 210 1992; x_wconf 81' lang='lat'><strong>¹</strong></span> <span class='ocrx_word' id='word_1_68' title='bbox 263 2052 266 2060; x_wconf 21' lang='lat' dir='ltr'>y</span> <span class='ocrx_word' id='word_1_69' title='bbox 294 2000 377 2065; x_wconf 88' lang='lat' dir='ltr'><strong>quos</strong></span> <span class='ocrx_word' id='word_1_70' title='bbox 397 1977 495 2040; x_wconf 85' lang='lat' dir='ltr'><strong>ullius</strong></span> <span class='ocrx_word' id='word_1_71' title='bbox 516 1979 619 2040; x_wconf 88' lang='lat' dir='ltr'><strong>bonae</strong></span> <span class='ocrx_word' id='word_1_72' title='bbox 639 1977 688 2042; x_wconf 90' lang='lat' dir='ltr'><strong>rei</strong></span> <span class='ocrx_word' id='word_1_73' title='bbox 708 1977 809 2043; x_wconf 77' lang='lat' dir='ltr'><strong>cantra</strong></span> <span class='ocrx_word' id='word_1_74' title='bbox 827 1999 899 2042; x_wconf 88' lang='lat' dir='ltr'><strong>cnm</strong></span> <span class='ocrx_word' id='word_1_75' title='bbox 912 1979 1049 2042; x_wconf 75' lang='lat' dir='ltr'><strong>Caesare</strong></span> <span class='ocrx_word' id='word_1_76' title='bbox 1067 1975 1167 2042; x_wconf 77' lang='lat' dir='ltr'><strong>inille</strong></span> <span class='ocrx_word' id='word_1_77' title='bbox 1186 1997 1280 2039; x_wconf 87' lang='lat' dir='ltr'><strong>nemo</strong></span> 
     </span>
     <span class='ocr_line' id='line_1_11' title="bbox 205 2057 1282 2145; baseline -0.003 -21"><span class='ocrx_word' id='word_1_78' title='bbox 205 2057 209 2066; x_wconf 55' lang='lat'><strong>⁴</strong></span> <span class='ocrx_word' id='word_1_79' title='bbox 286 2059 466 2131; x_wconf 77' lang='lat' dir='ltr'><strong>eradebat,</strong></span> <span class='ocrx_word' id='word_1_80' title='bbox 497 2061 695 2123; x_wconf 86' lang='lat' dir='ltr'><strong>consulatum</strong></span> <span class='ocrx_word' id='word_1_81' title='bbox 719 2061 853 2145; x_wconf 85' lang='lat' dir='ltr'><strong>petituri</strong></span> <span class='ocrx_word' id='word_1_82' title='bbox 874 2059 1083 2125; x_wconf 77' lang='lat' dir='ltr'><strong>dicebantur:</strong></span> <span class='ocrx_word' id='word_1_83' title='bbox 1118 2081 1204 2144; x_wconf 83' lang='lat' dir='ltr'><strong>qnae</strong></span> <span class='ocrx_word' id='word_1_84' title='bbox 1229 2081 1282 2122; x_wconf 87' lang='lat' dir='ltr'><strong>res</strong></span> 
     </span>
     <span class='ocr_line' id='line_1_12' title="bbox 293 2141 1283 2240; baseline -0.003 -34"><span class='ocrx_word' id='word_1_85' title='bbox 293 2141 380 2206; x_wconf 78' lang='lat' dir='ltr'><strong>lasud</strong></span> <span class='ocrx_word' id='word_1_86' title='bbox 396 2141 494 2204; x_wconf 87' lang='lat' dir='ltr'><strong>dubie</strong></span> <span class='ocrx_word' id='word_1_87' title='bbox 510 2141 551 2202; x_wconf 87' lang='lat' dir='ltr'><strong>ad</strong></span> <span class='ocrx_word' id='word_1_88' title='bbox 565 2141 807 2226; x_wconf 81' lang='lat' dir='ltr'><strong>opprimendum</strong></span> <span class='ocrx_word' id='word_1_89' title='bbox 823 2142 1004 2205; x_wconf 84' lang='lat' dir='ltr'><strong>libertatern</strong></span> <span class='ocrx_word' id='word_1_90' title='bbox 1016 2141 1217 2240; x_wconf 68' lang='lat' dir='ltr'><strong>pertinebat.</strong></span> <span class='ocrx_word' id='word_1_91' title='bbox 1242 2145 1283 2204; x_wconf 82' lang='lat' dir='ltr'><strong>Et</strong></span> 
     </span>
     <span class='ocr_line' id='line_1_13' title="bbox 212 2223 1280 2309; baseline 0 -24"><span class='ocrx_word' id='word_1_92' title='bbox 212 2255 215 2267; x_wconf 87' lang='grc'><em>·</em></span> <span class='ocrx_word' id='word_1_93' title='bbox 294 2223 500 2286; x_wconf 81' lang='lat' dir='ltr'><strong>occultabunt</strong></span> <span class='ocrx_word' id='word_1_94' title='bbox 520 2223 569 2284; x_wconf 89' lang='lat' dir='ltr'><strong>illi</strong></span> <span class='ocrx_word' id='word_1_95' title='bbox 588 2223 759 2285; x_wconf 87' lang='lat' dir='ltr'><strong>eonsilium</strong></span> <span class='ocrx_word' id='word_1_96' title='bbox 780 2243 888 2295; x_wconf 86' lang='lat' dir='ltr'><strong>snum,</strong></span> <span class='ocrx_word' id='word_1_97' title='bbox 922 2225 995 2309; x_wconf 84' lang='lat' dir='ltr'><strong>qnia</strong></span> <span class='ocrx_word' id='word_1_98' title='bbox 1014 2245 1047 2286; x_wconf 87' lang='grc' dir='ltr'><strong>ιιι</strong></span> <span class='ocrx_word' id='word_1_99' title='bbox 1070 2241 1112 2286; x_wconf 87' lang='lat' dir='ltr'><strong>eo</strong></span> <span class='ocrx_word' id='word_1_100' title='bbox 1135 2225 1280 2308; x_wconf 80' lang='lat' dir='ltr'><strong>negotio,</strong></span> 
     </span>
     <span class='ocr_line' id='line_1_14' title="bbox 167 2305 1281 2391; baseline -0.003 -22"><span class='ocrx_word' id='word_1_101' title='bbox 167 2349 169 2369; x_wconf 79' lang='lat'><strong>.</strong></span> <span class='ocrx_word' id='word_1_102' title='bbox 321 2305 386 2366; x_wconf 87' lang='lat' dir='ltr'><strong>nod</strong></span> <span class='ocrx_word' id='word_1_103' title='bbox 405 2325 501 2387; x_wconf 86' lang='lat' dir='ltr'><strong>quum</strong></span> <span class='ocrx_word' id='word_1_104' title='bbox 522 2325 559 2368; x_wconf 90' lang='lat' dir='ltr'><strong>re</strong></span> <span class='ocrx_word' id='word_1_105' title='bbox 576 2305 739 2378; x_wconf 86' lang='lat' dir='ltr'><strong>insolens,</strong></span> <span class='ocrx_word' id='word_1_106' title='bbox 769 2319 835 2369; x_wconf 85' lang='lat' dir='ltr'><strong>tum</strong></span> <span class='ocrx_word' id='word_1_107' title='bbox 859 2319 1006 2391; x_wconf 87' lang='lat' dir='ltr'><strong>ternpore</strong></span> <span class='ocrx_word' id='word_1_108' title='bbox 1031 2306 1176 2368; x_wconf 79' lang='lat' dir='ltr'><strong>alienum</strong></span> <span class='ocrx_word' id='word_1_109' title='bbox 1204 2319 1281 2378; x_wconf 85' lang='lat' dir='ltr'><strong>erat,</strong></span> 
     </span>
     <span class='ocr_line' id='line_1_15' title="bbox 171 2325 1283 2473; baseline 0.003 -28"><span class='ocrx_word' id='word_1_110' title='bbox 171 2465 172 2470; x_wconf 8' lang='grc' dir='ltr'>ἵ</span> <span class='ocrx_word' id='word_1_111' title='bbox 296 2325 380 2466; x_wconf 57' lang='lat' dir='ltr'><strong>dnon</strong></span> <span class='ocrx_word' id='word_1_112' title='bbox 399 2384 486 2446; x_wconf 85' lang='lat' dir='ltr'><strong>enirn</strong></span> <span class='ocrx_word' id='word_1_113' title='bbox 503 2401 596 2448; x_wconf 88' lang='lat' dir='ltr'><strong>erant</strong></span> <span class='ocrx_word' id='word_1_114' title='bbox 613 2385 766 2469; x_wconf 81' lang='lat' dir='ltr'><strong>legitimis</strong></span> <span class='ocrx_word' id='word_1_115' title='bbox 785 2385 901 2450; x_wconf 87' lang='lat' dir='ltr'><strong>diebus</strong></span> <span class='ocrx_word' id='word_1_116' title='bbox 919 2387 1070 2473; x_wconf 83' lang='lat' dir='ltr'><strong>proielli)</strong></span> <span class='ocrx_word' id='word_1_117' title='bbox 1086 2389 1283 2459; x_wconf 81' lang='lat' dir='ltr'><strong>metuebant,</strong></span> 
     </span>
    </p>

    <p class='ocr_par' dir='ltr' id='par_1_5' title="bbox 260 2458 793 2553">
     <span class='ocr_line' id='line_1_16' title="bbox 260 2458 793 2553; baseline 0.002 -23"><span class='ocrx_word' id='word_1_118' title='bbox 260 2483 264 2490; x_wconf 88' lang='lat'>&#39;</span> <span class='ocrx_word' id='word_1_119' title='bbox 295 2485 340 2530; x_wconf 87' lang='lat' dir='ltr'><strong>ne</strong></span> <span class='ocrx_word' id='word_1_120' title='bbox 363 2458 501 2530; x_wconf 77' lang='lat' dir='ltr'><strong>validius</strong></span> <span class='ocrx_word' id='word_1_121' title='bbox 521 2483 793 2553; x_wconf 79' lang='lat' dir='ltr'><strong>oppugnarentur.</strong></span> 
     </span>
    </p>
   </div>
   <div class='ocr_carea' id='block_1_5' title="bbox 110 2593 1294 3500">
    <p class='ocr_par' dir='ltr' id='par_1_6' title="bbox 358 2593 1285 2686">
     <span class='ocr_line' id='line_1_17' title="bbox 358 2593 1285 2686; baseline 0.003 -26"><span class='ocrx_word' id='word_1_122' title='bbox 358 2599 396 2660; x_wconf 90' lang='lat' dir='ltr'><strong>ll.</strong></span> <span class='ocrx_word' id='word_1_123' title='bbox 413 2593 506 2660; x_wconf 78' lang='lat' dir='ltr'><strong>&#39;Nam</strong></span> <span class='ocrx_word' id='word_1_124' title='bbox 526 2599 584 2664; x_wconf 89' lang='lat' dir='ltr'><strong>Cn.</strong></span> <span class='ocrx_word' id='word_1_125' title='bbox 597 2599 754 2662; x_wconf 80' lang='lat' dir='ltr'><strong>Lentulus</strong></span> <span class='ocrx_word' id='word_1_126' title='bbox 768 2599 976 2664; x_wconf 76' lang='lat' dir='ltr'><strong>Marcellinus</strong></span> <span class='ocrx_word' id='word_1_127' title='bbox 999 2593 1173 2686; x_wconf 74' lang='lat' dir='ltr'><strong>egregium</strong></span> <span class='ocrx_word' id='word_1_128' title='bbox 1193 2619 1285 2683; x_wconf 82' lang='lat' dir='ltr'><strong>prse-</strong></span> 
     </span>
    </p>

    <p class='ocr_par' dir='ltr' id='par_1_7' title="bbox 296 2679 1285 2765">
     <span class='ocr_line' id='line_1_18' title="bbox 296 2679 1285 2765; baseline -0.001 -23"><span class='ocrx_word' id='word_1_129' title='bbox 296 2679 396 2747; x_wconf 78' lang='lat' dir='ltr'><strong>ssabat</strong></span> <span class='ocrx_word' id='word_1_130' title='bbox 412 2679 597 2742; x_wconf 84' lang='lat' dir='ltr'><strong>consulem:</strong></span> <span class='ocrx_word' id='word_1_131' title='bbox 620 2695 671 2754; x_wconf 85' lang='lat' dir='ltr'><strong>et,</strong></span> <span class='ocrx_word' id='word_1_132' title='bbox 695 2681 768 2765; x_wconf 86' lang='lat' dir='ltr'><strong>quia</strong></span> <span class='ocrx_word' id='word_1_133' title='bbox 787 2683 843 2746; x_wconf 82' lang='lat' dir='ltr'><strong>ille</strong></span> <span class='ocrx_word' id='word_1_134' title='bbox 863 2683 990 2746; x_wconf 84' lang='lat' dir='ltr'><strong>comitia</strong></span> <span class='ocrx_word' id='word_1_135' title='bbox 1009 2696 1081 2744; x_wconf 89' lang='lat' dir='ltr'><strong>crat</strong></span> <span class='ocrx_word' id='word_1_136' title='bbox 1096 2681 1285 2752; x_wconf 84' lang='lat' dir='ltr'><strong>habiturus,</strong></span> 
     </span>
    </p>

    <p class='ocr_par' dir='ltr' id='par_1_8' title="bbox 245 2761 1288 2846">
     <span class='ocr_line' id='line_1_19' title="bbox 245 2761 1288 2846; baseline 0.001 -23"><span class='ocrx_word' id='word_1_137' title='bbox 245 2817 247 2823; x_wconf 92' lang='lat'><strong>.</strong></span> <span class='ocrx_word' id='word_1_138' title='bbox 295 2783 360 2826; x_wconf 87' lang='lat' dir='ltr'><strong>nec</strong></span> <span class='ocrx_word' id='word_1_139' title='bbox 379 2761 522 2846; x_wconf 81' lang='lat' dir='ltr'><strong>alioquin</strong></span> <span class='ocrx_word' id='word_1_140' title='bbox 547 2761 720 2828; x_wconf 86' lang='lat' dir='ltr'><strong>imbecillis</strong></span> <span class='ocrx_word' id='word_1_141' title='bbox 745 2778 834 2836; x_wconf 83' lang='lat' dir='ltr'><strong>erat,</strong></span> <span class='ocrx_word' id='word_1_142' title='bbox 863 2764 946 2826; x_wconf 86' lang='lat' dir='ltr'><strong>baud</strong></span> <span class='ocrx_word' id='word_1_143' title='bbox 965 2765 1130 2826; x_wconf 86' lang='lat' dir='ltr'><strong>immerito</strong></span> <span class='ocrx_word' id='word_1_144' title='bbox 1151 2763 1288 2824; x_wconf 81' lang='lat' dir='ltr'><strong>timeba-</strong></span> 
     </span>
    </p>

    <p class='ocr_par' dir='ltr' id='par_1_9' title="bbox 195 2841 1290 2928">
     <span class='ocr_line' id='line_1_20' title="bbox 195 2841 1290 2928; baseline 0 -22"><span class='ocrx_word' id='word_1_145' title='bbox 195 2907 197 2918; x_wconf 77' lang='grc'>,</span> <span class='ocrx_word' id='word_1_146' title='bbox 297 2858 361 2911; x_wconf 87' lang='lat' dir='ltr'><strong>tur.</strong></span> <span class='ocrx_word' id='word_1_147' title='bbox 402 2847 470 2906; x_wconf 82' lang='lat' dir='ltr'><strong>lam</strong></span> <span class='ocrx_word' id='word_1_148' title='bbox 485 2845 530 2902; x_wconf 86' lang='grc' dir='ltr'><strong>Μ.</strong></span> <span class='ocrx_word' id='word_1_149' title='bbox 546 2843 626 2905; x_wconf 84' lang='lat' dir='ltr'><strong>Cato</strong></span> <span class='ocrx_word' id='word_1_150' title='bbox 645 2865 705 2928; x_wconf 89' lang='lat' dir='ltr'><strong>per</strong></span> <span class='ocrx_word' id='word_1_151' title='bbox 725 2841 919 2923; x_wconf 79' lang='lat' dir='ltr'><strong>adfinitatem</strong></span> <span class='ocrx_word' id='word_1_152' title='bbox 940 2846 1085 2908; x_wconf 85' lang='lat' dir='ltr'><strong>consulis</strong></span> <span class='ocrx_word' id='word_1_153' title='bbox 1103 2847 1141 2908; x_wconf 78' lang='lat'><strong>1..</strong></span> <span class='ocrx_word' id='word_1_154' title='bbox 1159 2845 1290 2928; x_wconf 87' lang='lat' dir='ltr'><strong>Philip-</strong></span> 
     </span>
    </p>

    <p class='ocr_par' dir='ltr' id='par_1_10' title="bbox 200 2921 1291 3010">
     <span class='ocr_line' id='line_1_21' title="bbox 200 2921 1291 3010; baseline 0.002 -24"><span class='ocrx_word' id='word_1_155' title='bbox 200 2929 202 2936; x_wconf 61' lang='lat'>‘</span> <span class='ocrx_word' id='word_1_156' title='bbox 299 2925 352 3010; x_wconf 89' lang='lat' dir='ltr'><strong>pi,</strong></span> <span class='ocrx_word' id='word_1_157' title='bbox 375 2923 464 3004; x_wconf 87' lang='lat' dir='ltr'><strong>cnjus</strong></span> <span class='ocrx_word' id='word_1_158' title='bbox 482 2921 577 2982; x_wconf 80' lang='lat' dir='ltr'><strong>filiam</strong></span> <span class='ocrx_word' id='word_1_159' title='bbox 595 2926 744 2988; x_wconf 82' lang='lat' dir='ltr'><strong>Marciam</strong></span> <span class='ocrx_word' id='word_1_160' title='bbox 765 2927 917 3000; x_wconf 81' lang='lat' dir='ltr'><strong>duxerat,</strong></span> <span class='ocrx_word' id='word_1_161' title='bbox 940 2927 1163 2990; x_wconf 73' lang='lat' dir='ltr'><strong>anctoritatem</strong></span> <span class='ocrx_word' id='word_1_162' title='bbox 1184 2947 1291 3010; x_wconf 80' lang='lat' dir='ltr'><strong>prope</strong></span> 
     </span>
    </p>

    <p class='ocr_par' dir='ltr' id='par_1_11' title="bbox 130 3006 1291 3094">
     <span class='ocr_line' id='line_1_22' title="bbox 130 3006 1291 3094; baseline 0.003 -28"><span class='ocrx_word' id='word_1_163' title='bbox 130 3007 250 3082; x_wconf 65' lang='lat' dir='ltr'><strong>Pupil</strong></span> <span class='ocrx_word' id='word_1_164' title='bbox 261 3017 289 3062; x_wconf 84' lang='lat' dir='ltr'><strong>et</strong></span> <span class='ocrx_word' id='word_1_165' title='bbox 301 3007 503 3068; x_wconf 76' lang='lat' dir='ltr'><strong>consularem</strong></span> <span class='ocrx_word' id='word_1_166' title='bbox 518 3006 693 3070; x_wconf 85' lang='lat' dir='ltr'><strong>obtinebat.</strong></span> <span class='ocrx_word' id='word_1_167' title='bbox 736 3009 872 3082; x_wconf 84' lang='lat' dir='ltr'><strong>Idcirco,</strong></span> <span class='ocrx_word' id='word_1_168' title='bbox 890 3031 1001 3094; x_wconf 83' lang='lat' dir='ltr'><strong>perum</strong></span> <span class='ocrx_word' id='word_1_169' title='bbox 1017 3006 1134 3070; x_wconf 83' lang='lat' dir='ltr'><strong>conlisi</strong></span> <span class='ocrx_word' id='word_1_170' title='bbox 1150 3008 1291 3076; x_wconf 83' lang='lat' dir='ltr'><strong>viribus,</strong></span> 
     </span>
    </p>

    <p class='ocr_par' dir='ltr' id='par_1_12' title="bbox 110 3077 1294 3168">
     <span class='ocr_line' id='line_1_23' title="bbox 110 3077 1294 3168; baseline 0.003 -19"><span class='ocrx_word' id='word_1_171' title='bbox 110 3077 289 3149; x_wconf 48' lang='lat' dir='ltr'><strong>sufflans</strong></span> <span class='ocrx_word' id='word_1_172' title='bbox 301 3087 364 3148; x_wconf 88' lang='lat' dir='ltr'><strong>hoc</strong></span> <span class='ocrx_word' id='word_1_173' title='bbox 380 3085 526 3168; x_wconf 80' lang='lat' dir='ltr'><strong>agebant,</strong></span> <span class='ocrx_word' id='word_1_174' title='bbox 549 3101 584 3148; x_wconf 90' lang='lat' dir='ltr'><strong>ut</strong></span> <span class='ocrx_word' id='word_1_175' title='bbox 601 3089 677 3149; x_wconf 89' lang='lat' dir='ltr'><strong>dolo</strong></span> <span class='ocrx_word' id='word_1_176' title='bbox 694 3097 763 3150; x_wconf 81' lang='lat' dir='ltr'><strong>rent</strong></span> <span class='ocrx_word' id='word_1_177' title='bbox 779 3089 975 3154; x_wconf 83' lang='lat' dir='ltr'><strong>obtinerent.</strong></span> <span class='ocrx_word' id='word_1_178' title='bbox 997 3089 1032 3152; x_wconf 91' lang='lat' dir='ltr'><strong>id</strong></span> <span class='ocrx_word' id='word_1_179' title='bbox 1042 3089 1125 3152; x_wconf 80' lang='lat' dir='ltr'><strong>adeo</strong></span> <span class='ocrx_word' id='word_1_180' title='bbox 1160 3091 1294 3152; x_wconf 79' lang='lat' dir='ltr'><strong>ntabant</strong></span> 
     </span>
    </p>

    <p class='ocr_par' dir='ltr' id='par_1_13' title="bbox 188 3169 1292 3256">
     <span class='ocr_line' id='line_1_24' title="bbox 188 3169 1292 3256; baseline 0.004 -28"><span class='ocrx_word' id='word_1_181' title='bbox 188 3207 189 3210; x_wconf 57' lang='lat'><em>=</em></span> <span class='ocrx_word' id='word_1_182' title='bbox 300 3169 541 3254; x_wconf 77' lang='lat' dir='ltr'><strong>procellarnm,</strong></span> <span class='ocrx_word' id='word_1_183' title='bbox 565 3169 683 3230; x_wconf 85' lang='lat' dir='ltr'><strong>sitoto</strong></span> <span class='ocrx_word' id='word_1_184' title='bbox 705 3170 762 3234; x_wconf 91' lang='lat' dir='ltr'><strong>illo</strong></span> <span class='ocrx_word' id='word_1_185' title='bbox 784 3183 868 3234; x_wconf 87' lang='lat' dir='ltr'><strong>anno</strong></span> <span class='ocrx_word' id='word_1_186' title='bbox 889 3173 1018 3235; x_wconf 86' lang='lat' dir='ltr'><strong>comitia</strong></span> <span class='ocrx_word' id='word_1_187' title='bbox 1038 3175 1104 3256; x_wconf 86' lang='lat' dir='ltr'><strong>imp</strong></span> <span class='ocrx_word' id='word_1_188' title='bbox 1151 3171 1292 3233; x_wconf 87' lang='lat' dir='ltr'><strong>irentur.</strong></span> 
     </span>
    </p>

    <p class='ocr_par' dir='ltr' id='par_1_14' title="bbox 303 3249 1294 3338">
     <span class='ocr_line' id='line_1_25' title="bbox 303 3249 1294 3338; baseline 0.002 -26"><span class='ocrx_word' id='word_1_189' title='bbox 303 3250 352 3312; x_wconf 91' lang='lat' dir='ltr'><strong>sic</strong></span> <span class='ocrx_word' id='word_1_190' title='bbox 365 3249 451 3312; x_wconf 87' lang='lat' dir='ltr'><strong>enim</strong></span> <span class='ocrx_word' id='word_1_191' title='bbox 462 3249 638 3312; x_wconf 84' lang='lat' dir='ltr'><strong>neceiiario</strong></span> <span class='ocrx_word' id='word_1_192' title='bbox 649 3249 885 3314; x_wconf 85' lang='lat' dir='ltr'><strong>decurrebatur</strong></span> <span class='ocrx_word' id='word_1_193' title='bbox 894 3253 933 3316; x_wconf 86' lang='lat' dir='ltr'><strong>sd</strong></span> <span class='ocrx_word' id='word_1_194' title='bbox 947 3255 1181 3338; x_wconf 79' lang='lat' dir='ltr'><strong>interregnum,</strong></span> <span class='ocrx_word' id='word_1_195' title='bbox 1193 3254 1294 3337; x_wconf 84' lang='lat' dir='ltr'><strong>ipsis·</strong></span> 
     </span>
    </p>

    <p class='ocr_par' dir='ltr' id='par_1_15' title="bbox 254 3329 1294 3500">
     <span class='ocr_line' id='line_1_26' title="bbox 254 3329 1294 3420; baseline 0.005 -28"><span class='ocrx_word' id='word_1_196' title='bbox 254 3383 257 3392; x_wconf 90' lang='lat'><strong>.</strong></span> <span class='ocrx_word' id='word_1_197' title='bbox 300 3351 364 3418; x_wconf 79' lang='lat' dir='ltr'><strong>qne</strong></span> <span class='ocrx_word' id='word_1_198' title='bbox 382 3329 520 3415; x_wconf 85' lang='lat' dir='ltr'><strong>spatium</strong></span> <span class='ocrx_word' id='word_1_199' title='bbox 536 3331 688 3406; x_wconf 80' lang='lat' dir='ltr'><strong>dabatur,</strong></span> <span class='ocrx_word' id='word_1_200' title='bbox 713 3355 777 3418; x_wconf 90' lang='lat' dir='ltr'><strong>quo</strong></span> <span class='ocrx_word' id='word_1_201' title='bbox 802 3349 916 3419; x_wconf 85' lang='lat' dir='ltr'><strong>potere</strong></span> <span class='ocrx_word' id='word_1_202' title='bbox 942 3335 1116 3400; x_wconf 84' lang='lat' dir='ltr'><strong>secundum</strong></span> <span class='ocrx_word' id='word_1_203' title='bbox 1141 3337 1238 3420; x_wconf 78' lang='lat' dir='ltr'><strong>leges</strong></span> <span class='ocrx_word' id='word_1_204' title='bbox 1264 3347 1294 3397; x_wconf 87' lang='lat' dir='ltr'><strong>et</strong></span> 
     </span>
     <span class='ocr_line' id='line_1_27' title="bbox 301 3411 845 3500; baseline 0.007 -24"><span class='ocrx_word' id='word_1_205' title='bbox 301 3412 459 3498; x_wconf 80' lang='lat' dir='ltr'><strong>consequi</strong></span> <span class='ocrx_word' id='word_1_206' title='bbox 477 3411 691 3498; x_wconf 79' lang='lat' dir='ltr'><strong>magistratum</strong></span> <span class='ocrx_word' id='word_1_207' title='bbox 709 3417 845 3500; x_wconf 82' lang='lat' dir='ltr'><strong>pollent.</strong></span> 
     </span>
    </p>
   </div>
   <div class='ocr_carea' id='block_1_6' title="bbox 116 3545 1296 3881">
    <p class='ocr_par' dir='ltr' id='par_1_16' title="bbox 116 3545 1296 3881">
     <span class='ocr_line' id='line_1_28' title="bbox 134 3545 1293 3614; baseline -0.004 -1"><span class='ocrx_word' id='word_1_208' title='bbox 134 3557 186 3613; x_wconf 77' lang='lat' dir='ltr'><strong>Por</strong></span> <span class='ocrx_word' id='word_1_209' title='bbox 200 3559 293 3613; x_wconf 71' lang='lat' dir='ltr'><strong>Ma·</strong></span> <span class='ocrx_word' id='word_1_210' title='bbox 363 3549 417 3610; x_wconf 89' lang='lat' dir='ltr'><strong>Ill.</strong></span> <span class='ocrx_word' id='word_1_211' title='bbox 443 3546 582 3610; x_wconf 81' lang='lat' dir='ltr'><strong>Idoneus</strong></span> <span class='ocrx_word' id='word_1_212' title='bbox 601 3545 733 3612; x_wconf 76' lang='lat' dir='ltr'><strong>audacia</strong></span> <span class='ocrx_word' id='word_1_213' title='bbox 754 3565 788 3612; x_wconf 89' lang='lat' dir='ltr'><strong>et</strong></span> <span class='ocrx_word' id='word_1_214' title='bbox 808 3549 965 3614; x_wconf 83' lang='lat' dir='ltr'><strong>adversus</strong></span> <span class='ocrx_word' id='word_1_215' title='bbox 989 3560 1134 3611; x_wconf 83' lang='lat' dir='ltr'><strong>senstnrn</strong></span> <span class='ocrx_word' id='word_1_216' title='bbox 1159 3547 1244 3610; x_wconf 87' lang='lat' dir='ltr'><strong>odio</strong></span> <span class='ocrx_word' id='word_1_217' title='bbox 1260 3550 1293 3610; x_wconf 87' lang='lat' dir='ltr'><strong>C.</strong></span> 
     </span>
     <span class='ocr_line' id='line_1_29' title="bbox 119 3627 1293 3714; baseline -0.003 -20"><span class='ocrx_word' id='word_1_218' title='bbox 119 3639 202 3714; x_wconf 57' lang='grc' dir='ltr'><strong>’φφ</strong></span> <span class='ocrx_word' id='word_1_219' title='bbox 215 3627 293 3708; x_wconf 56' lang='lat'><strong><em>“¹¹¹1-</em></strong></span> <span class='ocrx_word' id='word_1_220' title='bbox 305 3631 383 3693; x_wconf 86' lang='lat' dir='ltr'><strong>Cato</strong></span> <span class='ocrx_word' id='word_1_221' title='bbox 409 3629 558 3691; x_wconf 85' lang='lat' dir='ltr'><strong>tribunus</strong></span> <span class='ocrx_word' id='word_1_222' title='bbox 583 3629 690 3710; x_wconf 87' lang='lat' dir='ltr'><strong>plebis</strong></span> <span class='ocrx_word' id='word_1_223' title='bbox 717 3631 756 3694; x_wconf 80' lang='lat' dir='ltr'><strong>nd</strong></span> <span class='ocrx_word' id='word_1_224' title='bbox 778 3633 841 3696; x_wconf 86' lang='lat' dir='ltr'><strong>boc</strong></span> <span class='ocrx_word' id='word_1_225' title='bbox 856 3629 1078 3694; x_wconf 70' lang='lat' dir='ltr'><strong>¹ministerium</strong></span> <span class='ocrx_word' id='word_1_226' title='bbox 1100 3627 1293 3702; x_wconf 82' lang='lat' dir='ltr'><strong>videbatur,</strong></span> 
     </span>
     <span class='ocr_line' id='line_1_30' title="bbox 119 3695 1295 3804; baseline 0.006 -37"><span class='ocrx_word' id='word_1_227' title='bbox 119 3707 162 3752; x_wconf 64' lang='grc' dir='ltr'><strong><em>Μ</em></strong></span> <span class='ocrx_word' id='word_1_228' title='bbox 175 3695 284 3768; x_wconf 61' lang='lat' dir='ltr'><strong>rupes·</strong></span> <span class='ocrx_word' id='word_1_229' title='bbox 306 3731 402 3796; x_wconf 84' lang='lat' dir='ltr'><strong>quem</strong></span> <span class='ocrx_word' id='word_1_230' title='bbox 418 3711 515 3772; x_wconf 83' lang='lat' dir='ltr'><strong>multa</strong></span> <span class='ocrx_word' id='word_1_231' title='bbox 533 3707 574 3770; x_wconf 90' lang='lat' dir='ltr'><strong>de</strong></span> <span class='ocrx_word' id='word_1_232' title='bbox 589 3711 726 3776; x_wconf 87' lang='lat' dir='ltr'><strong>Caesare</strong></span> <span class='ocrx_word' id='word_1_233' title='bbox 744 3714 833 3780; x_wconf 83' lang='lat' dir='ltr'><strong>ferre</strong></span> <span class='ocrx_word' id='word_1_234' title='bbox 851 3727 1015 3804; x_wconf 83' lang='lat' dir='ltr'><strong>parantem</strong></span> <span class='ocrx_word' id='word_1_235' title='bbox 1038 3711 1153 3774; x_wconf 88' lang='lat' dir='ltr'><strong>consul</strong></span> <span class='ocrx_word' id='word_1_236' title='bbox 1172 3713 1295 3800; x_wconf 79' lang='lat' dir='ltr'><strong>aliique</strong></span> 
     </span>
     <span class='ocr_line' id='line_1_31' title="bbox 116 3767 1296 3881; baseline 0 -25"><span class='ocrx_word' id='word_1_237' title='bbox 116 3767 228 3824; x_wconf 49' lang='grc' dir='ltr'><strong>’ω’</strong></span> <span class='ocrx_word' id='word_1_238' title='bbox 303 3793 471 3881; x_wconf 85' lang='lat' dir='ltr'><strong>principes</strong></span> <span class='ocrx_word' id='word_1_239' title='bbox 487 3789 715 3876; x_wconf 78' lang='lat' dir='ltr'><strong>impediebant.</strong></span> <span class='ocrx_word' id='word_1_240' title='bbox 749 3797 859 3860; x_wconf 82' lang='lat' dir='ltr'><strong>Facile</strong></span> <span class='ocrx_word' id='word_1_241' title='bbox 876 3797 930 3860; x_wconf 88' lang='lat' dir='ltr'><strong>bie</strong></span> <span class='ocrx_word' id='word_1_242' title='bbox 945 3795 1153 3860; x_wconf 81' lang='lat' dir='ltr'><strong>transductus</strong></span> <span class='ocrx_word' id='word_1_243' title='bbox 1169 3793 1208 3856; x_wconf 91' lang='lat' dir='ltr'><strong>in</strong></span> <span class='ocrx_word' id='word_1_244' title='bbox 1224 3815 1296 3880; x_wconf 82' lang='lat' dir='ltr'><strong>par·</strong></span> 
     </span>
    </p>
   </div>
   <div class='ocr_carea' id='block_1_7' title="bbox 304 3977 1295 4197">
    <p class='ocr_par' dir='ltr' id='par_1_17' title="bbox 304 3977 1295 4197">
     <span class='ocr_line' id='line_1_32' title="bbox 315 3977 1295 4060; baseline -0.005 -21"><span class='ocrx_word' id='word_1_245' title='bbox 315 3985 316 3990; x_wconf 73' lang='grc'>’</span> <span class='ocrx_word' id='word_1_246' title='bbox 333 3982 406 4056; x_wconf 79' lang='lat' dir='ltr'><strong>(lap.</strong></span> <span class='ocrx_word' id='word_1_247' title='bbox 420 3982 445 4037; x_wconf 88' lang='lat'><strong>1.</strong></span> <span class='ocrx_word' id='word_1_248' title='bbox 462 3980 539 4036; x_wconf 83' lang='lat' dir='ltr'><strong>Plut.</strong></span> <span class='ocrx_word' id='word_1_249' title='bbox 557 3978 664 4036; x_wconf 81' lang='lat' dir='ltr'><strong>Crasso</strong></span> <span class='ocrx_word' id='word_1_250' title='bbox 679 3993 709 4040; x_wconf 85' lang='lat' dir='ltr'><strong>et</strong></span> <span class='ocrx_word' id='word_1_251' title='bbox 724 3983 809 4046; x_wconf 74' lang='lat' dir='ltr'><strong>Caes.</strong></span> <span class='ocrx_word' id='word_1_252' title='bbox 827 3994 858 4048; x_wconf 84' lang='lat' dir='ltr'><strong>et</strong></span> <span class='ocrx_word' id='word_1_253' title='bbox 871 3984 972 4057; x_wconf 82' lang='lat' dir='ltr'><strong>Pomp.</strong></span> <span class='ocrx_word' id='word_1_254' title='bbox 990 3989 1020 4036; x_wconf 84' lang='lat' dir='ltr'><strong>et</strong></span> <span class='ocrx_word' id='word_1_255' title='bbox 1036 3979 1102 4060; x_wconf 65' lang='lat' dir='ltr'><strong>Cat.</strong></span> <span class='ocrx_word' id='word_1_256' title='bbox 1125 3977 1206 4036; x_wconf 80' lang='lat' dir='ltr'><strong>Vell.</strong></span> <span class='ocrx_word' id='word_1_257' title='bbox 1216 3998 1243 4044; x_wconf 81' lang='lat' dir='ltr'><strong>s,</strong></span> <span class='ocrx_word' id='word_1_258' title='bbox 1254 3981 1295 4044; x_wconf 66' lang='lat' dir='ltr'><strong>ib.</strong></span> 
     </span>
     <span class='ocr_line' id='line_1_33' title="bbox 304 4045 1294 4197; baseline -0.002 -93"><span class='ocrx_word' id='word_1_259' title='bbox 304 4052 375 4178; x_wconf 51' lang='lat' dir='ltr'><strong>gp&amp;</strong></span> <span class='ocrx_word' id='word_1_260' title='bbox 390 4051 483 4197; x_wconf 46' lang='lat' dir='ltr'><strong>lippi).</strong></span> <span class='ocrx_word' id='word_1_261' title='bbox 499 4049 635 4177; x_wconf 44' lang='grc' dir='ltr'>ἓῖιι.οῐὶῑο.</span> <span class='ocrx_word' id='word_1_262' title='bbox 645 4047 708 4176; x_wconf 72' lang='lat' dir='ltr'><strong>Cic.</strong></span> <span class='ocrx_word' id='word_1_263' title='bbox 723 4053 762 4112; x_wconf 83' lang='lat' dir='ltr'><strong>sd</strong></span> <span class='ocrx_word' id='word_1_264' title='bbox 775 4055 811 4136; x_wconf 74' lang='lat' dir='ltr'><strong>Q.</strong></span> <span class='ocrx_word' id='word_1_265' title='bbox 828 4056 924 4135; x_wconf 68' lang='lat' dir='ltr'><strong>Fratr-</strong></span> <span class='ocrx_word' id='word_1_266' title='bbox 938 4069 967 4124; x_wconf 83' lang='lat' dir='ltr'><strong>s,</strong></span> <span class='ocrx_word' id='word_1_267' title='bbox 981 4047 1011 4108; x_wconf 81' lang='lat' dir='ltr'><strong>d.</strong></span> <span class='ocrx_word' id='word_1_268' title='bbox 1034 4049 1104 4106; x_wconf 72' lang='lat' dir='ltr'><strong>ono.</strong></span> <span class='ocrx_word' id='word_1_269' title='bbox 1128 4045 1213 4108; x_wconf 73' lang='lat' dir='ltr'><strong>Plus.</strong></span> <span class='ocrx_word' id='word_1_270' title='bbox 1232 4050 1294 4107; x_wconf 80' lang='lat' dir='ltr'><strong>Cat.</strong></span> 
     </span>
    </p>
   </div>
   <div class='ocr_carea' id='block_1_8' title="bbox 0 0 1375 4694">
    <p class='ocr_par' dir='ltr' id='par_1_18' title="bbox 0 0 1375 4694">
     <span class='ocr_line' id='line_1_34' title="bbox 0 0 1375 4694; baseline 0 0"><span class='ocrx_word' id='word_1_271' title='bbox 0 0 1375 4694; x_wconf 95' lang='lat' dir='ltr'><strong> </strong></span> 
     </span>
    </p>
   </div>
  </div>
 </body>
</html>
