2702 4694
314 225 376 324 aaa
419 202 1273 331 anatramsnrranmnnronontanam?

148 445 184 500 tt.
199 449 230 496 a.
242 439 304 503 tao.
318 433 595 518 colens'popnlas.
612 451 618 458 ·
637 431 716 495 Cum
733 432 786 494 bis
799 432 958 506 Osismii,
980 433 1228 509 Coriosolitae,
1248 439 1303 498 Lc-

22 507 30 528 ⁸
146 519 183 572 Δ.
200 511 292 570 0.5(ι·
318 515 425 588 robii,
448 519 630 585 Nantuates,
652 528 686 576 et
702 514 783 575 aliae
800 515 950 576 nationes
969 534 1055 575 arma
1072 515 1267 596 junxerantr
1289 541 1304 580 a

318 595 480 680 Menapiis
497 595 593 656 etiam
607 594 648 657 ad
659 595 807 656 Rhenum
824 596 1024 670 colentibus,
1047 611 1140 660 etex
1158 602 1304 684 opposita

314 679 452 746 Venetia
468 677 634 738 Britannia
651 677 823 740 auxiliares
840 699 952 760 manaa
969 679 1181 763 parabantur.

163 797 216 856 Nae
233 792 302 846 aaa!-
377 786 488 850 xcvi.
509 783 649 858 lineam,
673 803 770 867 quum
787 785 884 846 malta
899 783 1033 846 bolliam
1051 783 1180 870 oppida
1195 805 1305 848 memo

127 867 302 944 improfict'l·
314 865 446 939 labore,
468 861 598 927 modico
616 883 735 950 operae
751 865 861 950 pretio
878 867 1026 950 cepisset,
1050 879 1240 929 eoanmatan
1264 889 1306 929 am

166 945 183 969 ⁰
316 949 379 1018 nihi
397 947 533 1031 gerendi
549 947 629 1008 belli
644 945 813 1020 rationem,
840 961 873 1010 et
889 945 982 1010 clalle
996 947 1249 1029 coniligeridam
1263 949 1306 1020 ju.

314 1029 445 1092 dicavit.
488 1027 617 1090 Etenim
638 1027 671 1088 in
690 1029 924 1111 promontoriis
945 1030 1136 1114 linguisque
1159 1031 1224 1091 sita
1242 1029 1304 1114 ple·

246 1171 254 1188 ,
312 1135 347 1198 ra
373 1129 413 1173 ue
435 1109 554 1194 oppida
574 1125 682 1179 erant,
705 1107 897 1206 perangusto
918 1111 1023 1186 aditu,
1053 1124 1104 1183 et,
1119 1111 1304 1184 ¹accedente

312 1133 409 1265 aeda,
479 1191 522 1252 od
540 1191 592 1252 bis
610 1188 728 1253 accidat
746 1189 898 1253 horarum
915 1192 1086 1254 duodecim
1105 1194 1231 1277 spatio,
1252 1195 1305 1254 im·

293 1213 521 1360 apenetrbllili.
551 1291 594 1333 ne
619 1271 755 1334 navibus
779 1273 909 1358 quidem
936 1273 1018 1336 adiri
1041 1275 1116 1335 tu'to
1138 1287 1304 1359 poterent,

313 1377 393 1440 quaa
413 1355 563 1419 relabens
580 1352 681 1416 aelius
700 1351 787 1414 inter
805 1375 918 1440 aspera
937 1368 971 1417 et
987 1355 1107 1418 vadosa
1126 1357 1204 1418 loca
1220 1354 1307 1418 desti·

313 1438 435 1499 tuebat.
477 1437 596 1518 Igitur,
621 1435 750 1522 quoties
770 1443 893 1498 snm‘mo
912 1437 1049 1498 militum
1067 1449 1306 1522 conatii-opera

314 1533 403 1591 acta,
433 1531 465 1580 et
482 1535 571 1578 mere
591 1517 764 1600 aggeribus
785 1519 950 1580 exclusum
965 1533 1052 1590 crat,
1075 1519 1226 1591 obseffi,
1255 1519 1306 1579 de-

315 1621 331 1664 e
356 1603 447 1661 erato
472 1599 578 1661 teneri
605 1599 712 1660 locum
734 1599 842 1682 polle,
882 1621 950 1661 rem
974 1599 1212 1682 significabant
1232 1601 1304 1661 suis.

211 1691 212 1700 ’
313 1623 384 1752 illi,
414 1701 528 1764 magno
551 1695 688 1764 repente
710 1699 845 1743 numero
867 1683 994 1744 navium
1020 1681 1200 1760 adhibito,
1227 1681 1306 1766 quod

255 1797 257 1804 s
312 1763 425 1826 fecere
446 1763 517 1823 aine
536 1762 685 1845 periculo
727 1775 870 1837 mereat,
893 1765 967 1848 quia
984 1783 1083 1825 naves
1102 1763 1144 1824 ad
1165 1763 1307 1824 locorum

313 1845 499 1930 patientiam
518 1860 609 1906 erant
627 1785 832 1916 aodillaatae',
855 1843 1003 1906 homines
1017 1865 1144 1906 omnes
1166 1865 1243 1906 cum
1258 1863 1306 1904 co-

298 1927 379 2011 ‘piia
399 1940 496 2010 atque
518 1925 615 1987 armis
637 1925 671 1988 in
693 1924 780 1987 aliud
803 1925 956 2010 oppidum
976 1927 1220 2012 deportabantt
1250 1945 1307 2018 quo

314 2009 343 2072 ai
366 2007 540 2070 admovere
558 2008 677 2070 Caesar
696 2008 875 2070 exercitam
895 2009 1012 2082 vellet,
1040 2009 1184 2070 eaedem
1204 2006 1248 2068 de
1264 2028 1307 2066 aa·

313 2085 410 2176 tegra
427 2087 637 2168 difficultates
657 2109 770 2152 omnes
787 2089 987 2174 superandae
1005 2102 1110 2152 erant.

161 2200 302 2286 Demeae·
377 2197 505 2262 XCVII.
534 2195 596 2256 His
616 2193 712 2278 gellia
733 2217 830 2281 quam
850 2195 952 2277 major
970 2219 1046 2281 para
1065 2193 1200 2259 aestatis
1219 2213 1307 2292 prae·

124 2278 184 2358 'qh'
200 2273 302 2347 emm
316 2279 463 2350 terillem,
489 2275 619 2338 tandem
645 2297 717 2346 cum
742 2277 854 2348 claffo,
888 2299 982 2362 quam
1000 2281 1122 2342 Caesar
1145 2279 1183 2338 in
1199 2279 1308 2360 Lagari

127 2345 205 2422 ''ul'‘
316 2359 417 2423 lluvio
443 2355 673 2438 aedificandam
698 2373 883 2432 curaverat,
914 2361 956 2422 Ι).
972 2362 1093 2422 Brutus
1114 2359 1309 2422 adolescens

317 2441 458 2504 advenit.
487 2439 667 2502 Exivernnt
678 2455 789 2504 eontra
800 2443 934 2504 circiter
947 2441 1107 2504 ducentae
1122 2441 1243 2536 viginti
1255 2441 1311 2502 bo·

317 2521 407 2586 [lium
427 2541 544 2592 naves,
574 2520 769 2607 proeliaque
786 2524 953 2586 oommill'o
970 2523 1069 2585 rebus
1088 2523 1246 2585 omnibus
1265 2524 1310 2582 ia-

318 2603 462 2668 leriores
477 2604 630 2675 Romani,
653 2605 985 2690 praeterquamquod
1002 2606 1107 2667 virtus
1123 2605 1267 2666 militum
1281 2616 1313 2666 et

319 2685 471 2748 celeritas
495 2687 622 2746 nariam
645 2685 774 2758 aderat,
806 2686 906 2748 falces
953 2699 1121 2748 raeaemas
1147 2685 1312 2768 longuriis

320 2765 440 2830 vllixas
453 2765 685 2840 adhibuerunt,¹
702 2782 734 2829 et
750 2767 856 2838 lanes,
879 2709 998 2852 quibas
1016 2780 1176 2830 antennae
1192 2767 1234 2828 ad
1249 2789 1314 2828 ma·

318 2851 370 2912 los
390 2845 561 2910 destinatae
581 2863 689 2922 erant,
721 2863 934 2932 amputarunt.
977 2849 1012 2910 ld
1036 2868 1135 2932 quam
1158 2849 1244 2911 ellat
1268 2850 1314 2910 la-

320 2945 425 3002 ctam,
457 2944 490 2992 et
512 2931 582 2992 vela
602 2944 860 3015 armamentaque
879 2931 1074 2994 Gallicarum
1095 2931 1251 3002 navium,
1283 2931 1314 2992 in

321 3012 440 3096 quibua
460 3011 564 3073 omnia
585 3032 660 3095 spes
680 3012 803 3084 luerat]
833 3009 1116 3086 inundaberunt,
1150 3011 1314 3094 plurimae

280 3163 291 3178 a
319 3114 420 3156 naves
435 3108 650 3177 expugnatae:
671 3094 757 3236 pund
777 3094 882 3158 subita
897 3093 1028 3157 malacia
1045 3107 1079 3155 et
1093 3094 1315 3176 tranquillitas

320 3173 422 3234 maria
440 3175 652 3258 etiamsagae
686 3175 855 3239 aeultatem
873 3176 1089 3261 praeciderat.
1133 3175 1230 3236 Hanc
1256 3197 1314 3258 pu·

244 3246 248 3268 ‘
322 3275 424 3350 gnam·
434 3254 559 3330 deditio
576 3257 683 3338 gentis
699 3271 847 3354 sequuta.
884 3257 1022 3322 Senatus
1036 3257 1142 3319 omnia
1156 3268 1313 3319 necatus:

323 3350 427 3398 ceteri
446 3335 504 3398 sub
521 3356 641 3400 corona
656 3339 781 3401 venditi
799 3354 882 3402 sunt.

167 3457 200 3514 P.
214 3455 313 3513 creari
386 3443 524 3514 xcvm.
552 3445 620 3504 Per
635 3443 747 3506 eadem
765 3451 911 3543 tempora
929 3465 984 3508 rea
1001 3445 1041 3508 ab
1058 3445 1178 3528 legatis
1194 3446 1313 3508 caesa-

143 3531 215 3598 gesta
226 3529 255 3608 ἐς
265 3525 303 3579 A·
322 3526 370 3588 ris
387 3525 458 3608 pari
476 3524 604 3586 samona
620 3525 652 3584 in
672 3527 744 3587 aliia
763 3527 938 3588 Galliarum
956 3529 1102 3611 partibus
1121 3525 1244 3608 gellae.
1276 3531 1311 3592 Ρ.

143 3599 282 3669 ssim·
323 3607 462 3671 canuam
488 3620 558 3666 cum
578 3606 748 3668 duodecim
769 3607 958 3689 legionariis
979 3607 1172 3671 cohortibus
1194 3623 1228 3672 et
1248 3609 1330 3670 ma-'

323 3709 388 3831 gno
411 3705 547 3748 numero
567 3691 733 3770 requitatus
755 3689 788 3750 in
807 3689 1010 3772 Aquitaniam
1029 3692 1184 3762 miserat,
1215 3712 1260 3754 ne
1277 3713 1314 3754 ex

347 3771 374 3830 is
393 3766 582 3839 nationibus.
595 3771 711 3830 auxilia
728 3771 767 3831 ad
785 3770 928 3834 rebelles
944 3773 1054 3835 Gallos
1070 3771 1237 3834 venirent.
1273 3779 1312 3844 ls,

323 3858 428 3936 pugna
446 3867 517 3909 cum
531 3851 729 3924 Sentiatibaa
749 3855 866 3920 vietor,
891 3852 1045 3937 oppidum
1064 3873 1181 3914 eorum
1200 3867 1313 3916 totam-

325 3954 388 4018 que
403 3943 539 4015 gentem
558 3931 591 3990 in
612 3931 813 3998 deditionem
831 3937 969 4020 accepit.
1000 3934 1078 3998 inde
1096 3935 1255 3999 maximas
1274 3939 1315 4000 A·

359 4123 432 4196 cap.
445 4121 534 4182 XCV.
556 4073 640 4208 Gaea.
663 4141 683 4216 ⁸,
