2654 4690
89 291 96 300 .
195 207 875 318 ruuocuuum.nxxxvrn.n1vu.
979 247 1039 316 sss

31 456 209 520 obsidione
228 449 353 520 Marius
372 455 491 528 luerit,
522 457 597 542 quia
618 459 728 534 multi,
756 458 790 522 in
815 481 832 522 a
855 458 896 521 ad
913 461 1044 522 Lucre..
1065 461 1100 518 U.
1111 479 1138 519 c.
1148 462 1210 529 67⁰.

31 542 109 600 tium
128 539 254 610 delati,
277 539 423 622 perditus
441 557 516 614 res,
538 538 723 625 opprellum
741 480 874 617 sulam
896 562 1035 628 occupa·
1064 532 1201 588 &0³³²-

30 636 90 682 tarn
110 623 233 684 urbem
250 620 456 683 nunciabant.

88 729 164 790 XV.
191 727 364 802 Ceterum,
388 727 555 792 adnitente
570 729 613 792 im
640 743 787 804 eratcre,
810 730 931 816 etquis
947 731 1034 792 clau·
1063 740 1218 810 Etpastu-

31 811 75 874 sis
93 810 209 894 portis
230 809 319 873 aliud
338 811 536 896 praesidium
555 752 678 874 nullum
696 827 886 897 supererat,
907 810 1033 876 rcllitu.
1046 809 1217 932 n't'luv‘·

32 907 60 954 ts
85 895 180 956 acies
209 891 272 955 eli:
305 892 499 977 demumque
525 891 594 980 poli
621 895 759 980 primam
784 896 891 957 noctis
922 894 1129 960 horamttffl
1168 886 1224 936 ⁰¹⁸·

34 997 66 1034 su
113 976 192 1037 rior
208 975 275 1038 elle
292 996 347 1038 res
359 979 501 1038 Romana
518 977 639 1074 coepit.
661 976 823 1060 reliquum
837 978 943 1040 noctis
961 995 1035 1040 cae·
1047 961 1105 1002 '¹⁶‘

36 1057 62 1116 ιι·
87 1079 128 1120 us
155 1057 289 1130 datum,
322 1056 401 1121 eallr
443 1076 485 1119 ue
513 1055 650 1122 holirum
678 1071 769 1142 capta
795 1073 879 1126 sunt.
920 1063 1036 1143 Magna

35 1140 76 1199 ibi
97 1137 229 1224 strages
248 1139 332 1211 luit,
356 1161 420 1226 quo
467 1141 646 1224 imperator
660 1141 819 1212 edixerat,
841 1161 874 1200 ne
886 1145 1035 1222 qsn'ssama

33 1225 71 1279 su's
93 1225 180 1282 uiuus
204 1240 358 1298 capererur.
406 1223 458 1284 Ad
485 1223 719 1306 quinquaginta
743 1221 910 1284 hominurn
934 1221 1036 1284 millia

32 1302 584 1450 3¹rimduffiiidqirim·di⁰umur²
612 1307 648 1401 ln
664 1303 717 1400 ltls
732 1317 766 1366 et
780 1303 918 1366 Albinus
920 1305 1036 1448 1puter·-

32 1399 134 1530 llinis
150 1405 289 1553 inagis?
302 1399 1038 1553 qneapprplqsrippppqupppmrecqqrpp:chther
1162 1543 1165 1554 Ι

31 1569 100 1612 cum
114 1551 330 1636 Damasippi,
353 1551 486 1624 llarcii,
510 1549 755 1634 Carrinatisquc
775 1549 955 1634 capitibus,
1001 1549 1036 1612 ui

32 1633 115 1776 esplti
134 1633 171 1776 ip
191 1625 269 1716 luga
277 1632 489 1780 1{uerqslnndsd
505 1632 694 1700 Lucretium
710 1631 799 1695 milla
817 1645 902 1708 suut,
926 1645 961 1695 ιιι
975 1571 1035 1694 db·
1146 1717 1148 1724 ,
1167 1632 1182 1646 “

32 1735 64 1774 se
93 1735 124 1776 ss
173 1735 275 1778 raene
302 1735 358 1778 eo
387 1735 426 1777 en
452 1729 597 1780 erentur·
1007 1767 1013 1786 .

84 1821 179 1886 XVI.
210 1821 377 1886 Hactenus
394 1813 501 1884 oinuia
516 1819 625 1884 Sullae
641 1821 825 1906 praeclara,
847 1833 902 1882 aut
919 1819 1033 1883 saltem
1063 1829 1140 1884 Sulla
1155 1845 1211 1882 suu.
1310 1856 1314 1864 -

29 1903 212 1968 excusanda
231 1903 436 1968 videbantur.
479 1906 684 1987 Recuperata
708 1903 913 1987 respublica,
942 1915 1032 1986 parta
1045 1917 1089 1953 m
1108 1909 1198 1982 *qm

27 1985 257 2070 pulcherrima
280 1985 438 2060 victoria,
474 1985 598 2070 patriae
630 1985 822 2068 impendens
851 1969 1102 2070 pericularitet!
1124 1977 1207 2022 Μ’·

28 2089 150 2130 summa
169 2067 206 2130 vi
223 2067 409 2154 depulsum,
441 2065 637 2130 immortalia
661 2066 702 2129 ad
727 2068 865 2152 gloriam
889 2066 1036 2130 facinora
1046 2053 1132 2092 ''m''

28 2165 138 2212 erant:
159 2149 398 2236 Damasippum
413 2149 528 2222 etiam,
551 2163 584 2214 et
603 2149 684 2212 alios
702 2147 883 2231 ejusmodi,
904 2146 1036 2210 mileria

27 2233 159 2315 publica
182 2255 218 2294 sa
242 2232 366 2304 inatus,
394 2231 427 2314 ju
451 2231 534 2294 ulari
554 2230 672 2314 julius,
703 2229 853 2296 homines
871 2229 1035 2294 laetaban-

28 2331 87 2376 tur.
136 2253 678 2378 Sedlatimhaecdccoracmnis
691 2311 901 2388 crudelitate,
934 2333 1034 2398 quan·
1062 2311 1198 2398 Elaflst·

28 2412 56 2458 ta
76 2399 112 2459 in
131 2397 230 2459 nullo
251 2395 315 2458 alio
334 2417 483 2481 umquam
498 2395 578 2470 luit,
601 2395 731 2458 foedata
750 2409 842 2460 sunt:
866 2417 903 2459 ea
928 2415 969 2456 ue
986 2393 1136 2466 la-⁸⁶!''⁸
1147 2395 1209 2435 Μ·

29 2495 75 2542 cta
98 2477 216 2552 edita,
239 2492 353 2542 ettam
372 2499 389 2539 a
406 2477 634 2564 superioribus
654 2475 719 2540 ¹viri
737 2475 889 2541 institutis
905 2417 1158 2546 lisere-¹¹⁴¹““·

28 2563 159 2644 pansis,
196 2575 231 2624 ut
250 2559 305 2624 vix
321 2559 361 2624 ab
380 2559 496 2624 ecdem
513 2559 645 2622 humine
662 2559 811 2643 prolecta
829 2559 1035 2623 viderentur.

29 2641 282 2706 llodellillimus
304 2657 379 2706 ante
402 2643 591 2715 uictoriam,
615 2641 709 2704 simul
729 2641 860 2724 placere
880 2642 963 2715 sibi,
986 2641 1038 2704 vi-

28 2727 85 2788 etis
105 2725 332 2798 Samnitibus,
356 2726 484 2808 coepit,
510 2725 588 2804 (nec
608 2725 695 2786 enirn
714 2723 873 2808 reliquias
888 2723 969 2785 belli
986 2720 1058 2784 ul-'

30 2807 58 2868 ln
77 2811 113 2870 in
134 2828 278 2870 nurnero
298 2806 451 2886 ducebat)
473 2807 593 2868 Cinnas
614 2819 647 2868 et
660 2804 803 2878 Marios,
826 2825 965 2890 quorum
981 2825 1038 2866 an.

28 2903 73 2950 tea
97 2891 222 2952 solitus
245 2903 316 2952 erat
336 2889 483 2951 incusare
507 2887 691 2960 saevitiam,
719 2887 820 2970 longo
839 2885 909 2972 poll
931 2907 967 2949 se
985 2888 1037 2947 in·
1105 2928 1109 2944 ,

28 2973 166 3034 terrallo
186 2972 343 3056 reliquits
366 2973 437 3034 sire
458 2991 575 3034 recens
596 2971 693 3032 talem
712 2967 854 3030 animum
870 2967 1037 3032 indiderat

28 3053 170 3128 lurtuna,
198 3056 270 3118 sive
289 3051 517 3116 dillimulatum
539 3051 632 3114 adid
651 3049 812 3135 temporis
835 3050 1014 3114 detexerat.

88 3179 198 3241 xvu.
219 3173 374 3252 Pollerc,
397 3197 490 3264 quam
508 3191 683 3262 pugnaturn
704 3171 758 3250 ell,
782 3173 837 3238 die
855 3195 953 3259 quum
968 3175 1036 3238 An·
1065 3175 1160 3232 Ellam
1180 3173 1210 3232 is

30 3273 169 3322 lemnam
193 3259 351 3333 venill'et,
382 3258 625 3324 triahcminum
640 3258 759 3332 millia,
788 3256 847 3354 qui
865 3277 901 3319 se
919 3257 959 3319 ab
975 3244 1163 3320 lio-stum·

29 3340 118 3404 stiam
136 3343 213 3405 acie
227 3341 442 3427 abruperant,
466 3341 594 3404 veniam
636 3341 751 3404 etitum
767 3357 907 3402 misere:
930 3353 963 3400 et
978 3337 1035 3402 ille

29 3427 155 3498 annuit,
164 3478 176 3516 ὁ
192 3423 357 3509 siquidem
379 3425 486 3508 eliqua
507 3363 677 3506 priorilus
704 3421 805 3484 sociis
831 3419 919 3482 illata
944 3415 1037 3484 clade

29 3507 272 3590 poenitentiam
288 3507 428 3592 partium
446 3503 683 3604 approballent.
717 3503 769 3568 llli
784 3521 857 3564 cum
872 3501 944 3564 aliis
956 3521 1036 3564 ecn-

26 3605 110 3654 serts
126 3609 241 3661 mann,
264 3589 383 3651 amillis
399 3607 585 3684 occisisque
599 3585 722 3659 multis,
738 3597 818 3671 quot
829 3598 1034 3670 supererant,
1084 3653 1090 3672 ·

25 3672 172 3757 (cognita
202 3669 292 3733 enim
320 3671 423 3734 caulis
447 3667 612 3742 caedrum,
645 3667 750 3730 ceteri
771 3687 836 3750 quo
861 3685 902 3728 ue
921 3667 1036 3729 eadem

25 3753 167 3842 suspicis
199 3765 399 3840 sequuturos
429 3749 599 3832 dixerant)
624 3747 666 3812 ad
694 3763 770 3812 octo
798 3687 900 3811 milia
923 3749 1033 3814 Sullae
1059 3799 1062 3806 ,
1090 3769 1095 3774 ·

49 3945 136 4024 βψ.
148 3945 217 3998 XV.
238 3939 368 4024 Appisn.
387 3939 466 3994 Vell.
484 3937 531 4012 tp
555 3937 614 4022 ian.
635 3933 753 4001 Strabo,
771 3933 831 3992 ld.
849 3933 951 4017 μιᾶς.
975 3932 1033 4018 lp·

32 4031 104 4082 pren.
125 4011 209 4068 vall.
230 4013 325 4076 Daca
349 4007 389 4062 ud
402 4009 503 4064 Vales.
550 4025 654 4082 ppsan.
689 4006 763 4062 Ga·
805 4003 858 4060 vl.
876 4003 1033 4076 st.Epst.

32 4083 95 4138 Sall.
114 4081 207 4137 catil.
227 4083 311 4136 mus.
355 4077 486 4154 iv.Epit.
505 4077 574 4136 Dio.
591 4075 666 4136 Vell.
680 4021 762 4147 ωε.
777 4003 1034 4130 loummuriorl.

32 4151 107 4226 apud
121 4151 226 4211 vales·
252 4149 323 4208 uio.
340 4147 418 4206 Plut.
