2734 4688
216 301 260 364 nr
281 299 434 365 nocam
455 301 538 364 ms.
565 277 846 370 xcvn1.·'mrn.
921 381 925 392 .
987 309 1045 378 an
1162 267 1166 274 ’

42 503 260 580 fortunent,
282 504 383 572 statim
401 507 435 568 in
453 526 566 592 campo
585 507 871 572 circumdederunt
886 511 1047 574 lecticam.
1078 511 1225 570 uasat.
1248 543 1253 558 ι
1297 493 1301 508 ’

42 587 166 672 igitur,
198 601 232 650 ut
252 590 429 672 spirantem
448 606 706 686 cognoscerent,
731 591 923 654 Timotheus
944 591 1048 655 medi·
1078 579 1220 652 *42⁶7-

41 689 101 732 cus
125 669 190 749 jam
216 671 363 735 cohibito
389 691 546 756 sanguine
572 671 791 738 refocillatum
814 671 855 735 de
876 677 1051 762 superiore

42 751 121 814 loco
142 749 293 815 ollendit.
336 756 428 827 Rex,
460 754 557 818 simul
579 753 618 816 sd
640 777 675 818 se
697 753 813 827 rediit,
846 755 974 840 signum
997 777 1051 818 re-

43 853 83 898 ce
111 833 159 896 tui
178 834 286 898 datam
307 836 381 898 tulit
399 837 565 920 graviter,
599 837 777 922 eademque
803 837 907 900 adhuc
935 839 988 900 die
1012 837 1053 900 ad
1097 899 1111 912 ,

44 856 147 980 cahra
159 917 418 988 Romanaduxit.
463 919 529 981 Sed
549 919 605 980 illa
623 939 752 1016 quoque
769 920 846 1002 luga
861 919 924 1001 jam
941 919 1052 984 deser·

43 1011 75 1060 ta
94 1008 201 1062 erant.
233 1000 340 1086 Quum
358 999 580 1084 spoliarentur
594 1017 726 1076 mortus,
750 1002 956 1064 tribunorum
974 1023 1053 1088 qua·

45 1094 123 1145 tuor
142 1096 178 1145 et
196 1082 333 1166 viginti,
357 1084 586 1144 centurionum
603 1097 734 1146 centum
752 1084 983 1168 quinquaginta
1001 1083 1053 1146 di-

46 1177 166 1226 cuntur
193 1165 300 1250 agnita
322 1164 497 1242 cadavera3
528 1164 668 1228 militum
687 1185 818 1255 quoque
832 1170 1054 1232 aomanorum

46 1249 121 1333 plus
148 1261 274 1334 septem
292 1246 402 1309 millia'
414 1245 578 1310 cecidille.

108 1381 225 1443 XCIV.
255 1381 299 1442 At
316 1379 542 1455 Mithridates,
591 1398 742 1446 ercurato
761 1384 916 1459 vulnere,
938 1384 1051 1481 plures
1081 1377 1241 1466 filimi-sl·

46 1460 110 1523 hoc
127 1483 233 1546 genas
249 1462 461 1524 insidiatores
479 1463 512 1524 in
530 1401 640 1526 calais
659 1467 728 1528 suis
744 1486 843 1550 agere
857 1479 1051 1550 suspicatus,
1063 1452 1254 1505 ‘'numm'‘

47 1559 247 1608 convocatos
272 1545 394 1606 milites
419 1545 528 1606 subito
549 1547 583 1607 in
603 1548 816 1610 contubernia
837 1547 922 1628 jullit
944 1523 1250 1642 disce-§'‘³'ffi⁶.“

47 1623 141 1688 dere.
176 1627 264 1711 quod
290 1647 389 1710 quum
414 1627 494 1688 ellet
518 1625 658 1702 iactum,
690 1643 723 1694 et
741 1629 895 1702 Romani,
928 1651 992 1714 quo
1015 1651 1051 1691 se
1082 1600 1246 1711 ’Ξῖἷαῖᾌὲ

46 1711 259 1794 reciperent,
289 1731 355 1770 non
373 1708 550 1782 haherent,
581 1709 798 1794 deprehensi,
823 1713 1052 1796 supplicioque
1065 1726 1255 1779 darnadrmsus

47 1791 172 1854 adfecti
194 1806 279 1854 sunt.
323 1789 403 1852 lude
424 1793 587 1875 regreffus
609 1793 644 1854 in
665 1795 825 1856 minorem
843 1794 1051 1866 Armeniam,
1066 1795 1252 1847 cantassem

49 1894 113 1957 quo
134 1873 322 1937 adventanti
332 1873 476 1936 'Liscullo
496 1875 638 1960 inopiam
662 1889 895 1938 commeatuum
917 1876 1054 1949 laceret,
1067 1863 1237 1932 ‘mem'-

49 1957 235 2040 absportata
253 1971 369 2042 quanta
387 1970 516 2041 poterat
532 1977 667 2030 annona,
689 1959 777 2043 quod
795 1971 865 2020 erat
881 1959 1055 2042 reliquum,

50 2040 293 2123 corrumpebat.
335 2043 419 2101 'l'utn
445 2037 596 2110 detectae,
619 2053 694 2101 sunt
717 2041 799 2102 aliae
824 2038 979 2102 adversus
1004 2057 1057 2101 re·

50 2140 122 2202 gem
149 2121 310 2194 insidiae,
338 2121 377 2182 ah
403 2120 520 2182 Attilio
547 2135 693 2206 paratae,
728 2125 875 2182 Romano
904 2135 1058 2183 senatore

51 2221 89 2262 ex
109 2204 322 2288 proscriptis.
365 2205 448 2264 Eum
471 2223 547 2278 rex,
578 2201 733 2288 pristinae
757 2202 930 2286 dignitatis
960 2223 1058 2265 rere-

50 2286 158 2347 rentia
181 2286 331 2370 torqueri
352 2305 418 2347 non
438 2285 562 2370 pallus,
591 2285 732 2370 simplici
751 2297 878 2361 morte;
913 2298 1056 2358 ceteros,

50 2367 106 2450 qai
130 2388 206 2429 cum
227 2387 268 2430 eo
291 2365 574 2464 conspiraverant,
605 2368 809 2430 excruciatos
835 2368 982 2428 necavit:
1016 2366 1057 2427 li-

49 2447 165 2512 bertos
185 2449 329 2512 hominis
352 2449 476 2510 dimisit
495 2447 643 2526 illaesos,
678 2449 822 2514 dehuill'e
846 2448 922 2512 illos
943 2459 1056 2536 patro·

50 2551 92 2592 no
112 2551 241 2595 morem
261 2551 379 2618 gerere
400 2530 578 2616 praefatus.
1079 2528 1086 2554 ⁵

110 2663 215 2728 XCV.
239 2662 356 2728 Callris
377 2662 498 2728 deinde
517 2663 606 2726 circa
620 2664 758 2726 Talaura
780 2662 893 2748 aspero
913 2678 947 2726 et
964 2684 1071 2728 mon·¹

51 2745 143 2809 tucio
163 2748 231 2808 situ
247 2747 384 2830 positis,
406 2747 578 2810 Lucullum
599 2745 814 2831 exspectabat.
858 2750 981 2830 Neque·
1000 2745 1059 2808 de·

52 2827 115 2890 luit
130 2827 190 2892 iile
209 2829 379 2903 accedere,
403 2825 501 2892 castra
520 2825 722 2926 conjungere
742 2825 862 2900 callris,
885 2827 1059 2914 modisque

53 2907 204 2974 omnihus
222 2909 263 2974 ad
279 2931 418 2996 pugnam
435 2909 593 2974 barbaros
611 2909 746 2974 elicere.
789 2905 911 2972 Contrai
927 2909 1059 2972 Mithri-

52 2992 143 3055 dates
165 3012 243 3055 suos
262 2993 348 3056 intra
368 2993 566 3056 munimenta
584 2991 784 3066 continebat,
807 2991 984 3074 Tigranem
998 3011 1059 3076 op·

51 3075 198 3158 periens.
234 3077 278 3138 Et
295 3097 356 3160 per
371 3075 506 3138 eosdem
522 3073 594 3138 dies
612 3074 695 3138 alius
705 3072 914 3138 Mithridates
928 3073 1060 3136 Mediae

52 3175 131 3232 rex,
163 3157 346 3240 palantibus
365 3158 454 3220 forte
470 3157 627 3224 Romanis
648 3155 885 3242 exinproviso
905 3155 1060 3244 superla-

55 3259 129 3313 sas,
153 3240 274 3304 maltos
293 3239 472 3304 interemit.

112 3371 230 3436 xcvi.
251 3371 344 3435 Haeo
359 3372 479 3448 omnia,
498 3371 598 3434 semel
616 3369 818 3436 exacerbatis
834 3371 974 3435 militum
988 3371 1057 3433 ani·
1079 3393 1252 3455 mum,

51 3451 134 3524 mis,
165 3454 327 3538 augebant
352 3455 438 3528 iras,
476 3453 724 3539 seditionesque
750 3453 830 3515 alias
856 3475 956 3596 super
977 3453 1249 3523 aliasttmsaem.

52 3535 249 3598 excitabant.
294 3539 395 3600 Erant
415 3536 478 3618 jam
498 3536 538 3597 ah
562 3536 658 3600 initio
681 3535 765 3598 male
787 3555 865 3618 erga
916 3534 1058 3598 ucullum
1072 3539 1256 3610 sastinpers·

52 3615 178 3678 adlecti
200 3617 341 3693 milites,
369 3617 462 3762 quod
484 3637 545 3703 per
565 3615 643 3679 duas
665 3617 834 3680 continuas
850 3617 994 3689 hiemes,
1019 3615 1059 3678 ad
1073 3608 1138 3662 Μ·

54 3699 209 3780 Cyzicum
227 3699 338 3784 prius,
393 3699 489 3763 einde
511 3699 552 3762 ad
568 3699 733 3772 Amisum,
758 3699 816 3760 suh
837 3699 979 3782 pellibus
1001 3718 1060 3762 eos

53 3781 242 3842 attinuerat.
293 3781 359 3844 Sed
386 3797 419 3845 et
447 3796 590 3845 ceteram
617 3781 765 3842 militiam
793 3781 842 3844 sic
870 3796 1058 3878 exegerant,

53 3875 88 3924 ot
103 3875 159 3924 aut
176 3864 265 3925 inter
279 3863 387 3927 hostes
404 3865 483 3928 ellet
496 3861 744 3938 hibernandum,
768 3877 823 3928 aut
840 3863 899 3925 suh
916 3863 972 3926 dio
987 3877 1059 3927 ten-

55 3944 196 4010 dendum
216 3945 302 4036 apud
319 3947 440 4014 socios.
462 3967 535 4014 nam
555 3947 589 4012 in
607 3944 763 4035 oppidum
777 3947 938 4012 Graecum
954 3960 987 4010 et
1002 3967 1059 4032 pa·

90 4152 163 4225 cap.
180 4151 287 4210 xcur.
310 4112 389 4212 arur.
410 4161 441 4210 a
456 4149 583 4224 appan.
626 4149 699 4226 cap.
716 4149 821 4206 xciv.
840 4149 908 4204 nro.
927 4147 1058 4222 appas.
1081 4145 1085 4150 ·
1142 4200 1146 4208 .

55 4219 128 4300 cap.
144 4221 235 4286 xcv.
253 4221 326 4283 oto.
345 4221 476 4299 appan.
493 4219 572 4283 rtur.
594 4217 664 4284 un.
701 4219 776 4298 cap.
792 4203 896 4284 acta.
914 4217 993 4284 rtur.

624 4361 634 4378 ⁸
676 4395 684 4440 t
