2680 4690
451 913 738 998 roflauurs
787 916 1174 994 ramosarum
1282 927 1287 942 ·

387 1104 744 1186 sorrmmnrotwm
765 1097 1015 1180 tirasnoensi
1029 1109 1141 1164 LIBER
1162 1105 1234 1192 LIX.

470 1269 516 1334 IN
536 1269 686 1374 LOQUM
704 1269 823 1341 LIBRI
843 1269 957 1341 xciv.
980 1273 1019 1333 Τ.
1040 1269 1153 1338 lell.

16 1495 20 1506 ’
122 1555 124 1564 ,
156 1522 301 1591 ηοω,
374 1501 399 1564 l.
422 1501 549 1564 Interea
563 1502 602 1562 L.
613 1480 767 1565 Lucullus
782 1493 915 1577 consul,
937 1523 1034 1588 quum
1048 1501 1087 1564 ad
1097 1499 1217 1565 bolleru
1228 1517 1296 1584 per·

153 1581 467 1660 A.C.74.v'eniss'et‚
502 1603 574 1644 eum
623 1604 642 1645 e
671 1583 870 1646 succinctum
899 1583 996 1647 tentia
1023 1585 1129 1669 copiis
1158 1581 1298 1650 videret,

129 1661 277 1746 ‘Proelium
313 1663 443 1747 proelio
457 1683 580 1748 congre
605 1665 616 1726 i
630 1666 762 1728 minime
777 1680 880 1728 tutum
894 1679 1000 1742 ratus,
1026 1667 1112 1729 intra
1125 1665 1298 1726 munimen·

125 1731 299 1811 ''¹¹‘'L“⁶¹‘l·
315 1759 345 1806 ta
364 1766 399 1807 se
419 1745 560 1808 tenebat.
603 1745 687 1820 Sed,
702 1747 882 1814 'laeess'ente
899 1747 983 1830 apud
998 1748 1116 1829 Otryas
1129 1745 1298 1828 (Phrygiae

122 1799 293 1920 12:525&
314 1827 406 1888 locus
421 1825 480 1898 est)
493 1832 537 1888 M.
550 1827 662 1900 Vario,
684 1828 741 1912 qui
758 1828 859 1890 millis
873 1829 912 1894 ab
926 1831 1075 1893 Sertorio
1090 1829 1197 1914 copiis
1211 1847 1300 1924 prae·

123 1935 248 2008 prodigia
261 1935 301 1987 da·-
315 1923 401 1982 erat,
425 1909 535 1972 eduxit
558 1929 653 1982 suos,
676 1911 844 1996 aciemque
865 1910 1038 1975 ordinarit.
1086 1911 1243 1996 Quorum
1262 1927 1299 1970 eo

124 2011 252 2060 rentum.
314 1991 432 2063 essent,
463 2005 498 2054 ut
515 2005 787 2065 concurreretur,
816 1993 962 2067 eoelum,
990 1993 1112 2077 absque
1135 1991 1220 2064 ullo,
1246 1987 1302 2075 qui

314 2073 526 2136 animadverti
545 2074 708 2157 potuerit,
730 2086 846 2136 conatu
866 2073 1049 2160 diruptum,
1071 2071 1252 2136 interdura
1269 2093 1300 2132 a·

312 2155 380 2218 cies
398 2155 564 2238 ingentem
578 2153 723 2218 flammae
741 2153 860 2216 molem
879 2155 1031 2230 immisit,
1059 2156 1171 2218 colore
1187 2177 1223 2216 ur
1246 2175 1303 2216 en·

310 2237 355 2310 ti,
372 2237 484 2298 lorma
502 2237 584 2299 dolii
602 2237 750 2300 similem.
794 2236 906 2300 Sicco
921 2238 988 2314 die,
1009 2239 1136 2302 territis
1151 2258 1212 2322 pro
1236 2237 1302 2320 rgio

287 2318 477 2414 ‚utrisque‚
507 2341 524 2379 a
550 2339 593 2415 pu
616 2319 722 2380 nando
752 2332 983 2414 temqeratumt
1018 2319 1236 2403 Lucullusque
1263 2315 1302 2378 ad

239 2485 249 2494 .
312 2420 423 2484 prrora
444 2399 580 2460 consilia
595 2339 739 2462 lucendi
760 2400 838 2462 bellr
857 2400 967 2464 rediit.

157 2505 293 2562 Lucullus
374 2509 412 2566 ll.
443 2504 550 2589 Quum
570 2507 673 2581 enim,
697 2519 746 2569 tot
767 2505 931 2570 hominum
952 2505 1053 2570 millia
1072 2506 1106 2568 in
1125 2519 1305 2591 conspectu

109 2573 300 2710 mm?
312 2585 410 2648 hollis
430 2588 537 2660 alere,
575 2607 640 2648 non
673 2589 866 2730 in-lonqum
895 2589 992 2651 facile
1021 2589 1095 2652 sore
1123 2588 1308 2650 Mithridati

268 2715 273 2726 .
303 2670 482 2748 .crederet;
507 2691 571 2754 quo
594 2671 716 2732 certius
740 2689 801 2754 exp
817 2683 942 2742 oraret,
965 2683 1115 2754 quantum
1140 2669 1174 2734 ei
1195 2671 1316 2754 copia·

114 2713 298 2777 ''mm“
311 2773 383 2812 rum
404 2749 500 2824 effer,
529 2753 676 2835 captivos
698 2752 841 2835 aliquot,
865 2752 1004 2814 seorsim
1023 2772 1307 2836 unumquemque,

309 2830 395 2914 juss‘n
417 2831 545 2896 adduci.
589 2835 638 2894 Ex
657 2833 773 2916 quibus
791 2845 1036 2915 percunctatus,
1066 2847 1146 2917 quot
1164 2834 1308 2916 quisque

311 2915 561 2978 contubernales
584 2915 618 2976 in
642 2911 762 2988 eastris,
791 2933 862 2976 eum
882 2928 1000 2998 quanto
1019 2913 1217 2976 cibariorum
1239 2935 1312 2976 ruo·

234 3053 238 3063 .
311 2994 371 3068 do,
401 2997 597 3094 reliquiffet,
629 2996 673 3058 ita
699 2997 856 3058 rationem
881 2997 971 3068 iniit,
1000 3010 1034 3058 ut
1054 2996 1140 3056 intra
1160 2995 1324 3058 triduum}

310 3092 365 3139 aut
381 3078 586 3162 quatriduum
605 3079 690 3139 lame
706 3079 909 3140 laboraturos
925 3075 1129 3139 existimaret.
1164 3077 1324 3148 Idcirco,

283 3177 286 3182 ·
309 3159 524 3222 abundantem
547 3163 691 3224 annonae
713 3161 838 3244 copiam
859 3160 891 3222 in
913 3181 968 3220 sua
990 3157 1086 3220 castra
1105 3157 1314 3232 convellens,

311 3243 390 3306 satia
409 3241 560 3314 habebat,
585 3243 612 3304 si
631 3239 750 3310 hostem
771 3263 895 3304 annona
936 3237 1113 3304 rolriberet.
1142 3243 1210 3302 Per
1224 3240 1318 3302 hanc

241 3365 256 3390 a
312 3324 516 3388 occasionem
538 3345 634 3420 quum
653 3321 810 3408 equellria
852 3263 955 3384 roella
974 3319 1090 3406 ireque
1115 3323 1158 3384 tie
1175 3321 1317 3396 fierent,

280 3407 293 3442 '¹
311 3407 421 3488 iisque
442 3426 594 3490 superior
609 3407 805 3468 Romanuse
832 3418 883 3480 et·;
913 3403 1034 3468 milites
1053 3403 1104 3465 ari
1129 3405 1140 3465 i
1183 3425 1318 3488 agnae,

312 3488 462 3572 nihilque
484 3508 560 3550 suae
583 3487 696 3549 virtuti
717 3488 837 3550 invium
858 3486 1031 3568 jactantes,
1061 3485 1096 3546 in
1115 3427 1240 3550 hobam
1261 3485 1323 3548 util

313 3569 532 3642 ducerentur,
565 3566 771 3652 postulabant.
814 3567 995 3632 Reculante
1019 3567 1183 3642 Lucullor
1212 3581 1323 3663 atque

315 3673 404 3714 suam
431 3649 792 3730 occasionemjubente
816 3649 1014 3735 exspectari,
1041 3666 1146 3734 prope
1173 3647 1323 3712 seditio.

227 3759 231 3767 ·
313 3749 553 3807 newenton,
585 3733 639 3794 vel
658 3732 772 3812 injuss'u
793 3731 1002 3815 imperatoris
1023 3746 1227 3816 pugnaturos
1248 3732 1323 3794 ela-

206 3853 209 3860 »
312 3816 498 3878 mantibus:
530 3814 635 3877 donee
657 3813 893 3878 accommodata
917 3813 1058 3896 tempori
1079 3814 1231 3878 oratioue
1253 3815 1323 3878 uri-3

228 3915 231 3927 ·
312 3898 406 4042 tiqati
426 3898 631 4039 quieverunt.
669 3901 783 3980 Neque
799 3895 899 3957 multo
920 3891 989 3978 poll
1007 3893 1214 3994 imperatorii
1235 3915 1323 3958 con«

313 3979 342 4042 si
357 3979 380 4040 ii
403 4001 436 4041 aa
451 3979 573 4041 ubritae
592 3977 760 4062 apparuit,
789 3997 887 4062 quum
909 3997 1050 4062 penuria
1072 3992 1322 4044 commeatuum

227 4133 231 4140 ’
326 4123 420 4242 ¹⁴¹esp.
436 4165 461 4224 1.
481 4166 559 4226 ent.
577 4162 692 4223 sunu
726 4163 800 4241 cap.
817 4125 857 4228 1't
875 4162 938 4222 siv.
953 4162 1034 4240 apa.
