2654 4690
449 904 742 1018 Joulnurs
790 937 1181 1014 snmusueun

150 1179 154 1210 ι
389 1153 761 1234 SUPPLEMENTORUM
778 1157 1021 1216 LIVIINOIIUM
1043 1153 1157 1212 LIBER
1174 1150 1242 1211 LIII.

427 1341 471 1410 IN
492 1345 646 1412 Locum
672 1347 788 1409 LIBRI
809 1345 1018 1410 LXXXVIII.
1042 1347 1080 1411 Τ.
1101 1343 1214 1412 LIVII.

165 1581 309 1649 U·⁰·⁶7⁰·
380 1587 405 1648 1.
436 1589 551 1652 Paullo
573 1607 664 1670 ante,
696 1611 790 1678 quam
808 1587 897 1654 Sulla
918 1587 958 1652 ad
978 1585 1200 1670 Sacriportum
1221 1583 1296 1647 dimi·

158 1654 205 1750 ΛΑ·
218 1651 307 1712 ω’·
321 1683 427 1743 curet,
446 1669 477 1732 'a
497 1671 634 1739 ducibus
655 1676 744 1756 ejus,
774 1672 900 1736 duobus
922 1669 1074 1734 Serviliis
1095 1669 1135 1730 ad
1156 1670 1294 1738 Clusium,

318 1751 455 1817 Metello
475 1753 537 1824 Pio
560 1757 599 1817 ad
620 1758 826 1828 Faventiam,
859 1757 904 1814 M.
927 1751 1062 1814 Lucullo
1090 1753 1177 1814 circa
1196 1751 1296 1813 Fiden-

319 1833 407 1906 tiam,
429 1835 651 1902 Carbonianus
670 1835 849 1922 magnificis
866 1835 1004 1920 proeliis
1019 1831 1125 1896 victos
1140 1855 1222 1906 essu,
1237 1831 1296 1894 Vel-

318 1915 402 1996 Iejus
416 1917 608 1983 Paterculus
624 1921 747 1984 retulit.
791 1917 858 1982 Sed
873 1939 946 2002 ego,
969 1915 1136 1976 Livianam
1155 1911 1296 1976 historiam

318 1995 464 2080 vestigiis
482 2020 717 2087 persequutus,
741 1997 860 2064 seriem
876 2020 1001 2081 rerum,
1026 1997 1168 2082 Appiani
1189 2013 1297 2080 quoque

317 2079 503 2142 testimonio
520 2083 639 2158 lultus,
662 2085 758 2146 aliter
776 2083 939 2146 contexui.
982 2079 1085 2162 Igitur
1101 2080 1219 2162 quibus
1234 2091 1297 2138 teur-

318 2161 457 2258 poribus
479 2167 630 2248 repulsus
648 2168 732 2228 intra
745 2161 950 2240 Praenestina
967 2161 1095 2222 moenia
1106 2161 1226 2222 Marius
1242 2157 1299 2228 luit,

124 2259 130 2268 “
164 2247 292 2306 oartou
320 2243 440 2305 iisdem
459 2245 498 2304 ad
520 2247 693 2309 larentiam
713 2247 818 2310 Carbo
837 2247 1091 2326 Norbanusque,
1122 2263 1185 2328 per
1204 2243 1300 2302 absen-

130 2319 274 2372 N⁰⁷⁶⁰⁸u⁵
320 2325 398 2388 tium
418 2325 526 2389 Sullae
547 2331 681 2392 Metello
702 2329 927 2400 imminentes,
958 2325 1140 2406 conjunctis
1167 2320 1301 2386 exerciti-

122 2387 307 2507 M“'¹¹'‘:''⁰P'-
320 2407 382 2469 bus
402 2427 506 2492 prope
526 2409 623 2474 castra
643 2411 731 2494 ejus,
754 2411 809 2472 vix
828 2432 889 2471 una
908 2407 987 2469 hora
1008 2406 1076 2468 diei
1094 2408 1237 2490 reliqua,
1258 2422 1301 2464 re·

116 2473 284 2529 m'u'm’
319 2503 449 2554 nerunt.
476 2493 531 2564 Et,
555 2513 745 2578 quamquam
760 2489 1026 2554 [latimadlutura
1044 2501 1206 2560 nouerat,
1245 2505 1301 2546 rae·

193 2594 208 2622 s
319 2585 412 2634 terea
434 2571 540 2635 locum
562 2575 725 2659 pugnandi
748 2573 843 2636 densa
867 2574 988 2634 circum
1010 2572 1119 2632 vincta
1142 2510 1302 2635 arctabant,

216 2667 221 2682 ¹
288 2667 289 2671 ’
320 2655 368 2714 ira
387 2653 490 2736 magis
514 2669 606 2739 quam
627 2655 767 2719 consilio
787 2657 944 2738 impetum
962 2653 1130 2725 fecerunt,
1161 2667 1303 2734 tamquam

168 2740 275 2821 Magnq
319 2735 486 2820 inopinata
504 2740 635 2800 audacia
677 2739 727 2798 Ius
746 2735 1087 2817 formidinis-illaturi,
1119 2733 1188 2796 Sed
1208 2735 1304 2812 iniquo

130 2811 225 2908 ,Μ’
246 2823 306 2862 ⁹⁸⁸·
321 2817 415 2889 loco,
440 2839 537 2902 quum
557 2761 706 2905 impediti
726 2818 851 2883 ritibus
863 2817 983 2880 milites
1004 2815 1237 2900 prociderent,
1259 2833 1303 2871 ne·

134 2889 246 2934 ΨΜ·
322 2921 387 2984 que
405 2902 503 2963 armis
523 2903 571 2962 uti
591 2903 734 2986 pollent,
756 2921 868 2985 magna
886 2900 986 2962 caede
1004 2899 1084 2960 victi
1105 2914 1203 2972 sunt3
1226 2913 1306 2958 exer·

225 3033 227 3040 i
322 2981 473 3066 citusque
492 2983 597 3045 omnis
612 2985 655 3044 ita
671 2983 849 3066 dissipatus,
874 2997 909 3044 ut
922 2994 1027 3044 morte
1043 2980 1158 3048 decem
1171 2981 1308 3044 millium

322 3085 381 3126 sex
397 3065 534 3126 millium
549 3065 751 3148 transfugio,
774 3079 976 3138 ceterorum,
1001 3083 1066 3146 quo
1082 3063 1204 3146 cuique
1221 3061 1308 3121 visun

320 3145 447 3220 fuerat,
477 3147 663 3208 abeuntium
687 3145 890 3218 desertione,
921 3165 984 3206 non
1007 3145 1089 3206 ultra
1107 3145 1203 3207 mille
1218 3139 1308 3204 homi·

320 3248 399 3290 num
419 3229 558 3291 servatis
577 3229 745 3292 ordinibus
759 3230 925 3292 Arretium
943 3229 986 3290 sit
1003 3227 1187 3290 reductum.

382 3337 421 3397 II.
443 3335 516 3396 Alia
534 3336 663 3420 quoque
681 3337 768 3434 legio
783 3339 999 3410 Lucanorum,
1023 3355 1115 3418 quum
1130 3336 1171 3394 P.
1185 3331 1308 3394 Albino«

319 3435 442 3488 tanus,
474 3417 530 3501 qui
557 3433 627 3480 cum
647 3422 751 3480 Mario
779 3439 857 3481 sene
884 3414 982 3478 hollis
1008 3415 1169 3496 judicatus
1196 3413 1308 3506 lueratp

321 3497 479 3570 ducebat,
503 3497 619 3562 frustra
640 3498 828 3585 indignante
847 3499 1060 3571 Albinovano,
1085 3499 1180 3580 signa
1200 3494 1240 3557 ad
1254 3498 1308 3556 Ile·¹

319 3582 435 3644 tellum
457 3583 629 3646 transtulit.
660 3583 735 3654 ille,
759 3603 877 3665 quum,
900 3581 1049 3642 omnibus
1066 3581 1221 3650 tentatis,
1244 3575 1308 3638 retia

318 3683 401 3726 nere
422 3663 614 3728 deficientes
634 3665 845 3748 nequivillet‚
868 3662 908 3723 ed
926 3663 1109 3724 Norbanum
1127 3682 1164 3723 ee
1182 3655 1308 3742 recepit

317 3745 450 3809 Deinde
467 3746 531 3808 sata
549 3749 707 3832 partium,
731 3760 763 3808 et
779 3765 872 3830 quam
887 3741 1002 3806 lrullra
1018 3743 1248 3812 obniteretur,
1271 3759 1308 3799 ru

269 3858 281 3872 ·
316 3841 446 3972 putans,
469 3831 575 3891 animo
590 3841 796 3896 commutato,
819 3847 925 3910 neque
942 3826 1083 3924 simplici
1098 3827 1233 3888 scelere
1248 3841 1308 3908 pro

284 3925 285 3930 ’
340 3910 453 3973 itionis
472 3926 663 3986 contentus,
685 3908 869 3973 Norbanum
888 3923 938 3984 et,
963 3930 1019 3994 qur
1040 3930 1102 3971 uua
1121 3923 1243 3980 erant,
1266 3905 1308 3966 du

309 4098 422 4241 pigi&
440 4097 465 4154 1.
489 4095 570 4158 Vell.
587 4114 613 4210 a,
631 4095 676 4156 ao.
699 4097 763 4157 tir.
781 4095 860 4173 epit.
885 4097 1014 4173 Appiam
1039 4097 1128 4156 (Iros.
1144 4095 1175 4167 ὅ,
1195 4113 1243 4154 ao.
1263 4093 1308 4178 Ap}
