2654 4690
183 271 232 334 IN
255 269 406 334 LOCUM
427 271 509 334 LlB.
521 271 726 336 LXXXVIII.
741 273 855 340 Ltvtt
964 273 1026 358 adq
1078 328 1081 334 .

23 479 66 559 sao
86 475 297 560 beneficiosum
310 479 413 562 serlum.
457 480 636 554 Samnites,
668 497 700 544 et
720 482 799 542 alias
815 482 937 567 ubique
956 503 1025 544 om·
1057 483 1203 552 [Le-⁶7⁰·

24 581 86 636 nes
98 559 297 624 interlicere
315 561 441 635 solitus,
466 563 554 647 quod
570 579 772 650 compertum
789 563 910 627 babere
930 565 1026 628 dicti·
1055 553 1188 612 Mb&-

26 643 126 716 tabat,
151 650 286 705 maritum
298 647 464 718 Romnum,
487 645 612 704 iirtoluun
629 655 756 719 domitto,
777 665 867 708 tutum
884 667 933 707 aut
948 655 1025 730 quie-

25 747 79 784 mm
93 729 185 807 fiere,
208 748 275 788 non
293 723 452 788 dubitavit
471 725 511 786 ad
529 747 625 788 unum
646 749 758 791 omnes
772 727 923 794 caedere.

83 832 237 896 XXXIV.
265 829 549 894 Praenestinorum
579 834 686 918 primo
717 835 885 920 singulos,
923 835 1026 898 csull'u
1054 845 1198 914 lttqaead

25 915 178 996 cognita,
202 914 278 978 duci
299 917 340 976 im
367 929 534 978 eraserat:
557 913 699 992 deinde,
718 919 898 1002 cognitioni
918 939 953 980 se
970 939 1025 980 vs·
1038 917 1127 998 'llll‘
1141 917 1208 998 daq-

26 1015 98 1056 care
117 997 211 1080 polle
232 939 370 1082 negaui,
393 997 584 1070 universos,
606 1019 795 1084 quamquam
810 1001 961 1086 plerique
975 1001 1025 1062 in·
1037 984 1120 1036 “m''
1134 985 1209 1068 lm·

28 1078 133 1139 l'ontes
156 1093 268 1152 erant,
297 1094 417 1140 armato
443 1079 547 1143 milite
572 1079 714 1154 cinctos,
749 1084 876 1166 sagittis
895 1063 1215 1187 jaculis-Quum*

28 1181 85 1242 que
106 1159 252 1244 conligi,
283 1175 337 1223 aut
354 1159 483 1222 concidi
502 1159 618 1244 gladiis
638 1167 818 1248 praecepit.
870 1165 921 1226 nd
945 1165 1026 1227 duo·
1097 1155 1106 1174 ⁸

28 1243 130 1302 decim
152 1243 321 1304 bominum
338 1243 439 1304 millia
459 1243 507 1304 sic
526 1244 741 1307 interierunt:
773 1267 910 1330 quorum
931 1247 1026 1332 quin-

27 1345 84 1406 que
106 1323 213 1384 millia
232 1323 457 1388 Praenestinos
477 1325 571 1386 luill'e
591 1329 745 1412 reperio:
769 1339 897 1407 (cetera
918 1329 1027 1390 multi·

26 1406 101 1467 tudo
119 1407 333 1478 Samnitium,
365 1407 502 1489 opinor,
533 1407 616 1486 luit)
643 1409 699 1469 uni
723 1425 865 1484 tantum,
888 1430 1028 1496 quocum

29 1487 69 1549 illi
87 1489 142 1566 jus
162 1487 295 1572 hospitii
314 1491 430 1562 lueret,
453 1488 675 1552 incolumitate
687 1493 843 1554 cancella.
867 1491 1028 1576 quamille

28 1569 162 1632 lortiter
187 1573 395 1654 al'pernutus,
427 1591 509 1650 mque
530 1581 560 1651 je
589 1573 698 1634 {alutem
716 1593 824 1653 patriae
837 1577 903 1652 juue
923 1575 1029 1652 publico

28 1673 87 1712 cna
101 1649 148 1728 fier
169 1653 324 1712 debiturum
338 1651 470 1724 dicens,
492 1651 663 1714 immiscuit
682 1675 717 1716 se
737 1655 865 1718 civibus
884 1655 971 1726 suis,
995 1667 1028 1718 et

28 1735 110 1795 inter
134 1753 196 1795 eos
218 1735 342 1795 occisus
364 1731 418 1796 ell.
460 1735 655 1796 Mulieribus
673 1751 794 1798 tantum
814 1752 847 1799 et
863 1737 1028 1821 impuberi

28 1817 121 1877 aetati
150 1818 306 1900 pepercit
332 1817 440 1888 Sulla,
473 1815 599 1876 crudeli
629 1817 872 1890 misericordia,
910 1839 1026 1904 quum,

29 1899 144 1980 quibus
169 1899 369 1960 concefferat
389 1897 507 1967 vitam,
532 1899 616 1960 vitae
638 1899 712 1961 ulus
734 1901 910 1962 ademillet.
948 1905 1028 1964 Nam

28 1979 184 2064 oppidum
211 1981 310 2063 longe
333 1979 520 2042 ditilIimum
542 1999 580 2042 ea
600 1979 786 2065 tempestate
808 1981 964 2068 diripuit:
992 2005 1026 2044 a·

28 2083 114 2143 grum
135 2061 331 2146 publicavit.

86 2168 229 2230 XXXV.
258 2171 329 2230 Jam
355 2168 441 2231 enim
463 2167 579 2232 desitis
603 2167 676 2230 lere
700 2167 902 2254 singulorum
919 2165 1024 2228 bomi-
1048 2165 1214 2250 masclatis.

26 2269 93 2308 num
112 2249 260 2333 poenis,
292 2253 467 2334 municipia
498 2251 709 2334 coloniasque
736 2267 769 2312 et
794 2250 943 2312 civitates
972 2249 1213 2308 in-”ttmt'flt

28 2345 131 2413 tegras
150 2332 344 2406 mulctabat,
367 2335 499 2395 aliarum
517 2333 644 2396 arcibus
664 2331 875 2394 moenibusve
895 2331 1022 2402 dirutis,
1036 2307 1211 2429 syff'l’u'

27 2415 93 2473 alias
122 2415 223 2496 gravi
249 2415 416 2478 exactione
444 2417 622 2500 opprellis:
659 2415 814 2498 quaedam
842 2415 939 2476 etiam
965 2415 1024 2475 sub
1080 2393 1097 2447 q
1127 2409 1137 2430 ‘

27 2493 103 2555 halla
124 2495 322 2571 venierunt,
345 2499 528 2568 Florentia,
553 2497 743 2582 Spoletium,
766 2501 958 2570 Interamna,
980 2510 1024 2571 et,

27 2577 63 2637 de
80 2599 149 2660 quo
170 2579 268 2640 multa
283 2579 346 2660 jam
362 2579 512 2652 diximus,
535 2577 718 2642 Praenelle.
755 2581 867 2642 Sulmo
882 2599 1024 2663 quoque,

27 2661 105 2720 Latii
128 2673 227 2721 vetus
247 2675 279 2724 et
299 2663 418 2723 clarum
441 2661 617 2746 oppidum,
671 2663 837 2745 riusquam
863 2679 1025 2754 expugno·

25 2755 84 2801 tum
106 2745 203 2813 ell'et,
228 2741 408 2804 damnatum
428 2744 580 2828 diruique
597 2683 727 2823 juniam,
759 2763 830 2805 cum
849 2741 921 2802 aliis
939 2761 1024 2822 eJus·

25 2823 93 2883 dem
112 2825 268 2908 regionis
286 2825 434 2910 oppidis,
457 2826 496 2886 ab
514 2826 580 2888 illis
596 2825 797 2910 temporibus
811 2825 874 2887 elle
891 2823 1001 2886 desiit.

79 2932 235 2996 xxxvl.
257 2933 348 2992 Haec
369 2933 474 2993 omnia
490 2933 626 2994 Romami
645 2933 811 3016 sociique,
834 2951 896 3020 nec
911 2932 1022 2992 imme·
1046 2931 1221 3004 limam·

23 3013 103 3084 n'to,
141 3013 371 3096 patiebantur,
404 3011 556 3098 prillinue
586 3017 713 3078 virtutis
740 3014 1022 3100 simplicitatisque
1036 3017 1116 3068 μ’*
1133 3019 1211 3072 tm·

24 3093 235 3174 delertores3
264 3115 365 3179 quos,
394 3097 518 3158 etiamsi
538 3097 671 3182 indigna
691 3111 897 3182 paterentur,
924 3095 1022 3157 meri·
1035 3071 1216 3206 mma·
1240 3087 1248 3114 ³

21 3189 70 3235 tos
98 3177 237 3238 diceres
264 3177 317 3238 vel
345 3178 438 3251 ideo,
476 3179 551 3264 quia
578 3181 644 3263 pati
672 3193 860 3264 potuerunt.
908 3181 1023 3260 Neque
1035 3209 1147 3278 „pm
1213 3241 1215 3250 ,

21 3260 105 3320 enim
130 3281 270 3342 usquam
292 3281 328 3322 es
347 3275 411 3322 tem
438 3257 534 3322 ellate
557 3263 733 3345 generosus
756 3261 812 3322 ille
831 3259 944 3344 populi
958 3265 1023 3320 tto-

19 3344 100 3402 msni
126 3341 291 3425 spiritus,
321 3357 354 3405 et
377 3284 477 3406 rebus
502 3344 650 3405 omnibus
674 3342 839 3428 antiquior
861 3341 1023 3404 libertatis

19 3443 123 3494 amor,
150 3437 381 3508 praeterquam
406 3425 439 3486 in
460 3426 581 3508 puerili
598 3426 730 3488 Catonis
751 3425 869 3496 animo,
892 3423 1024 3485 resedit.

19 3505 61 3576 ls,
84 3527 212 3566 annum
233 3527 333 3588 agens
354 3521 501 3590 quartum
522 3505 700 3580 decimum,
720 3505 943 3590 apaedagogo
959 3505 1027 3567 lne-

16 3603 160 3666 quenter
189 3589 349 3650 salutandi
369 3589 477 3652 Sullae
504 3589 607 3650 cuulls
634 3587 764 3650 domum
790 3589 859 3668 ejus
884 3587 1027 3650 deduce·

14 3667 125 3732 batur:
165 3691 263 3754 quem
287 3672 343 3732 ille
365 3671 524 3732 honorem
548 3669 746 3732 admillionis
772 3669 928 3732 exhibere
946 3689 1026 3754 pau-

20 3781 369 3796 ——u——nn———n-

47 3829 123 3900 Cap.
144 3827 279 3882 XXXllI.
307 3825 434 3892 Strabo,
453 3827 474 3882 l.
491 3828 517 3883 5.
538 3845 570 3900 p.
586 3829 647 3896 adq.
693 3826 766 3900 Cap.
789 3827 919 3882 XXXIV.
946 3824 1025 3878 Plut.

20 3897 144 3970 lpplan.
170 3897 278 3950 Lucan.
296 3913 324 3958 a,
343 3898 402 3965 ¹9³·
420 3897 483 3952 Liv.
501 3897 579 3981 Epir„
599 3897 664 3952 Vel.
675 3897 751 3952 Max.
773 3895 850 3950 Plut.
871 3893 1025 3973 Vsblllax.

20 3965 84 4021 ttm.
115 3965 227 4028 Sulla,
251 3975 280 4020 et
302 3967 413 4020 Pracce
438 3976 458 4020 t.
483 3965 568 4038 llerp.
590 3965 754 4038 gerendas,
774 3985 800 4019 c.
818 3968 862 4020 51.
895 3965 1023 4044 Apptqn.

22 4033 142 4102 Strabo,
166 4035 191 4088 l.
208 4039 234 4090 6.
254 4053 282 4106 p.
299 4035 360 4104 ¹39.
432 4053 477 4108 ap.
498 4039 612 4092 XXXV.
640 4035 722 4090 Flor.
751 4035 872 4103 Dionys.
891 4031 910 4084 l.
928 4038 954 4088 ὀ.
974 4033 1024 4084 lm.

23 4107 139 4178 lppian.
172 4102 256 4158 Flor.
283 4103 404 4168 Ptine,
422 4110 449 4162 5.
474 4104 563 4160 Flora
599 4105 672 4179 Cep.
696 4105 827 4160 xxxvl.
855 4101 932 4156 Plut.
960 4097 1024 4158 Cet.

23 4177 84 4230 ltin.
99 4195 127 4230 c.
143 4178 176 4232 ὅ.
202 4181 230 4228 et
246 4171 408 4247 l'al.‘Mox.
425 4175 453 4240 3,
474 4191 498 4231 ι.
