2734 4688
319 221 380 298 aaa
424 213 625 281 rnntnsn.
643 209 1058 280 sorrununrronou
1071 209 1288 301 saamtvn.

322 339 1291 370 ..Q-..mm

186 529 196 562 ὁ
231 538 239 560 ·
266 509 292 573 I·
322 508 384 570 mis
405 509 501 571 etiam
518 507 674 568 tributum
690 515 759 566 erut
772 503 974 586 impositum,
997 503 1136 565 invisum
1154 507 1222 568 elle
1240 509 1306 569 uul-

316 599 366 674 'go
382 587 577 653 Mithridatis
600 585 772 670 imperium
790 584 910 726 coeplit.
947 599 981 646 et
1000 583 1221 650 ministrorum
1243 590 1306 651 oul-

346 693 362 732 a
383 665 574 732 crescebant
595 666 757 739 ostensae,
788 685 851 749 quo
883 707 891 738 ,
918 661 1040 728 latente
1059 682 1201 752 propter
1222 691 1306 732 mor-

321 695 397 813 bum
416 771 515 834 rego,
546 767 608 834 per
630 747 814 831 superbiam
837 759 871 808 et
891 749 1054 810 avaritiam
1076 750 1110 808 ln
1131 753 1305 834 populares

320 836 418 894 multa
435 829 675 916 delinquebant.
714 827 921 891 Mithridates
938 829 1035 902 enim,
1056 829 1244 894 ulcerosam
1256 835 1307 894 ab·

320 905 481 994 seond'eno
498 911 632 984 faeiem,
661 933 679 971 a
697 909 825 972 nemine
841 909 1025 993 patiebatur
1041 910 1190 996 adspieI,
1222 929 1307 977 extra

320 995 491 1080 spadones,
515 994 569 1078 qui
588 1007 621 1054 et
636 991 885 1054 medicabuntur.
928 991 1034 1086 Quum
1048 1011 1244 1076 percuratus
1258 1019 1308 1057 es·

320 1089 388 1149 set,
421 1077 483 1160 jam
512 1074 677 1158 sexaginta
702 1073 854 1136 cohortes
882 1075 1087 1135 sexcenariae
1118 1077 1181 1138 sub
1209 1079 1306 1161 signis

253 1159 257 1170 ¹
319 1173 429 1232 erant,
458 1159 542 1220 leota
563 1156 728 1237 juventus,
757 1167 889 1240 praeter
909 1154 1107 1216 inconditam
1128 1159 1306 1220 multitudi-

316 1259 411 1302 nem:
439 1246 538 1301 n'uveo
558 1237 673 1310 etiam,
696 1249 729 1299 et
746 1235 816 1298 loea
837 1249 1017 1320 opportuna
1034 1237 1169 1300 interim
1187 1263 1205 1300 a
1219 1239 1305 1301 duci-

316 1319 379 1383 bus
399 1332 634 1406 praeoccupata
652 1313 777 1404 praelio
800 1331 900 1382 erant.

164 1477 283 1545 lusum
376 1453 476 1512 XXII.
498 1451 571 1513 Hoc
591 1451 770 1546 animosior
788 1447 828 1510 ed
846 1463 971 1526 oeters,
993 1465 1121 1534 partem
1141 1453 1308 1536 copiarum
1337 1481 1340 1490 =

122 1545 305 1630 Ppaaapun-
315 1532 559 1630 Pbansporesm
581 1533 710 1612 trajecit
717 1575 729 1629 .’
759 1551 799 1593 ex
823 1529 962 1630 aduerso
979 1533 1189 1630 Pantipapaei
1215 1535 1305 1594 sitnm

125 1633 211 1730 ‘¹⁸¹7
316 1633 515 1758 ttttttt’
539 1609 1304 1758 iiiiii.hiia⁰¹iiiliiil'I”la¹.'³l'i.²i“'i‘3

317 1794 444 1850 rennes,
466 1745 594 1840 Chilore
611 1777 749 1862 quodam
766 1717 958 1838 ribellionis
975 1789 1127 1855 auctam
1148 1778 1219 1860 qui,
1233 1715 1306 1838 iir-

317 1871 370 1920 tus
389 1857 562 1941 aliquando
581 1859 785 1956 a'l'rpphone
798 1899 807 1930 ,
821 1858 924 1955 ,fissi‘l
943 1857 1108 1931 eunucho,
1131 1859 1306 1954 ingsellum

316 1939 557 2022 Phanagoreion
577 1941 739 2004 hominem
759 1939 896 2011 oeetdtt,
927 1940 1147 2024 populumque
1172 1939 1213 2002 sd
1238 1961 1306 2004 utu·

317 2021 485 2127 dicandam
504 2023 601 2086 armis
620 2023 804 2086 libertatem
823 2020 987 2084 excitavit.

377 2157 491 2218 XXIII.
520 2157 655 2240 Regiani
677 2155 777 2218 liberi
791 2151 990 2232 Mithridatis
1014 2150 1217 2214 obtinebant.
1252 2174 1308 2216 eos

317 2235 440 2309 Castor,
477 2237 624 2322 congelle
649 2239 770 2300 circum
797 2256 904 2298 arcem
931 2235 1126 2320 incensaque
1152 2235 1306 2306 materia,

317 2341 387 2382 eom
414 2319 473 2381 ulit
498 2320 538 2381 ad
564 2319 773 2382 dodiIIonem.
817 2321 851 2378 ln
878 2317 929 2380 his
950 2315 1175 2399 Artaphernes
1202 2315 1308 2378 ferme

318 2344 589 2484 quadiagenan'us
610 2414 696 2463 erat:
729 2403 871 2472 Xerxes,
901 2395 1079 2470 Oxathres,
1110 2409 1143 2460 et
1164 2398 1309 2482 Eupatra

317 2483 351 2542 in
368 2483 481 2544 aetatis
500 2479 592 2544 llore.
636 2481 703 2546 Sed
722 2485 822 2546 altera
840 2477 977 2542 filiarum
993 2477 1193 2542 Mithridatis
1214 2481 1310 2543 Cleo·

316 2577 424 2646 patra,
448 2585 544 2648 quum
561 2565 672 2648 perire
690 2566 818 2638 mallet,
841 2583 935 2646 quam
956 2581 991 2623 se
1010 2559 1144 2634 dedere,
1167 2575 1235 2624 tam
1254 2581 1310 2656 ςε-

317 2665 437 2706 neroeo
460 2648 633 2740 proposito
655 2646 773 2710 sordue
792 2643 962 2708 stimulavit
981 2656 1125 2726 patrem,
1158 2656 1194 2705 nt
1238 2641 1310 2704 uid·

317 2725 398 2788 libet
422 2747 483 2812 pro
507 2748 576 2808 epus
603 2730 706 2792 salute
730 2739 914 2792 conaretur.
955 2725 1066 2808 ltaque
1086 2723 1193 2786 submi
1237 2723 1311 2786 sab

317 2827 358 2868 eo
371 2808 528 2892 plurimis
549 2809 686 2874 dicretis
706 2823 835 2894 erepta,
858 2821 892 2868 et
904 2805 1154 2890 Panticapaeum
1178 2819 1311 2866 revecta

198 2937 200 2942 .
293 2932 298 2942 ·
317 2887 371 2986 elit
402 2891 537 2952 Ceteros
550 2885 1192 2988 Rhatragorensesadpraesidialiomann
1205 2902 1310 2952 trans·

315 2985 485 3034 miserunt.

146 3120 304 3177 Bestiarum
362 3103 492 3168 XXIV.
521 3102 818 3166 Subindecolloris
842 3101 984 3166 suceellu
1006 3113 1039 3162 et
1057 3100 1139 3160 aliae
1161 3097 1312 3162 civitates

1 3237 2 3240 ,
126 3190 295 3265 papularum·
317 3185 473 3248 animatae
490 3205 600 3268 aroge
617 3186 839 3268 deieceruntrp
851 3185 1087 3254 Chersonesus,
1109 3179 1312 3246 Theodosia.

318 3267 550 3349 Nymphaeum,
574 3287 646 3329 curn
663 3267 736 3330 eliis
751 3271 838 3330 niuea
853 3269 992 3328 Pontum
1012 3261 1312 3347 opportunIshelIo

319 3349 464 3432 gerendo
483 3349 625 3434 oppidis.
667 3348 795 3412 Idola-oo
810 3347 1033 3415 Mithridates,
1065 3343 1196 3406 enebris
1219 3340 1313 3406 deIe-

319 3428 481 3492 ctionibus
500 3433 652 3504 territus,
699 3453 773 3493 num
792 3427 970 3498 exercitui,
992 3426 1048 3510 qni
1070 3443 1220 3508 magnam
1240 3443 1313 3509 par·

319 3527 386 3576 tem
401 3531 441 3583 ex
458 3513 568 3576 invitis
585 3513 689 3578 conlla
711 3527 755 3589 at,
776 3531 889 3596 parum
907 3509 1043 3584 fideret,
1065 3505 1160 3580 lilios,
1184 3508 1316 3588 Scythi-

320 3593 370 3657 ois
393 3593 518 3734 aepulis
541 3593 738 3694 desponsus,
770 3596 1021 3679 quingentorum
1041 3588 1182 3684 rnilitum
1206 3589 1317 3682 addito

319 3695 430 3756 praesu
453 3695 507 3750 so,
537 3677 644 3750 misit,
675 3693 711 3741 ut
732 3699 790 3742 eos
833 3697 904 3738 uam
922 3687 1111 3740 maturrume
1131 3690 1207 3732 eum
1227 3693 1318 3732 auxt-

321 3755 456 3820 liarib'us
475 3758 580 3842 copiis
599 3760 693 3822 adse
713 3773 823 3842 pertra
847 3771 929 3821 eret.
971 3751 1037 3818 Sed
1057 3751 1206 3827 milites,
1231 3751 1320 3816 oeci·

322 3837 370 3899 sis
397 3837 431 3898 in
456 3837 574 3902 itinere
597 3841 815 3925 spadonibus,
845 3840 933 3926 quod
959 3855 1064 3922 genus
1087 3831 1177 3918 opud
1204 3831 1318 3918 rogem

356 4025 427 4097 Cap.
442 4028 531 4082 XXII.
550 4027 637 4085 Oros.
654 4027 782 4102 Appian.
818 4027 892 4101 Cap.
908 4027 1010 4084 XXIII.
1028 4026 1100 4082 Dio.
1119 4025 1213 4080 Oros.
1242 4024 1319 4094 Cap.

322 4095 426 4158 xxtv.
443 4095 573 4175 Appiae.
