2654 4690
193 289 238 354 IN
258 285 407 368 Locum
425 287 507 352 nte.
523 287 710 354 Lxxxvu.
732 287 845 356 mvn.
948 304 1026 352 cut·

35 507 69 554 tes
87 493 220 575 copies,
251 490 354 587 ipsum
373 490 512 574 partium
532 490 651 566 robur,
681 505 894 555 contraxerat.
943 495 1007 556 Ac·
1036 499 1180 566 ll.c.6eo.
1280 489 1282 496 ’

35 573 173 634 uellerent
193 572 432 635 Celtiberorum
453 573 541 644 alae,
565 595 642 670 quae
663 594 767 658 nuper
784 573 1008 669 Hispaniarum
1037 569 1115 628 Ml·
1143 585 1169 626 ²·

34 669 188 738 praetores
207 655 392 716 consulibua
409 654 527 714 auxilio
543 655 703 716 miserant.
737 654 892 728 cumbra,
914 679 1008 740 prae-

35 735 169 798 cursores
186 737 313 808 Sullae,
336 748 502 798 contracto
520 734 561 796 ad
576 737 699 796 Clanim
717 733 849 797 fluvium
867 735 1007 820 equestri

34 817 166 900 proelio,
195 817 331 880 circiter
354 816 583 900 quinquaginta
610 817 819 893 occiderunt;
850 817 1008 882 ducentos

34 899 233 984 septuaginta,
252 919 315 960 non
329 911 453 980 captos,
467 897 524 958 sed
541 920 556 958 s
580 913 654 960 ento
668 900 890 982 transgrelloa,
907 900 1007 962 dedu·
1120 917 1124 924 ’

36 994 134 1042 xerunt
154 979 195 1042 ud
211 982 449 1064 imperatorem.
494 921 616 1052 Carbo,
644 981 843 1062 recognita,
865 981 1009 1045 insenius

36 1063 217 1136 Celtiberia,
246 1075 279 1122 et
300 1079 411 1156 parem
434 1059 633 1142 reliquorum
654 1059 821 1144 perfidiam
842 1081 1007 1140 metuent,

35 1143 236 1206 circumdatos
248 1143 350 1205 valide
361 1163 453 1202 manu
465 1163 576 1203 ornnes
587 1143 770 1206 trucidarit.
792 1144 916 1205 Eodem
927 1159 1020 1208 tem·-

33 1245 97 1308 pere
115 1225 208 1286 salta
228 1245 299 1288 cum
317 1225 383 1284 aliu.
395 1237 487 1308 parte
506 1224 670 1306 copiarum
689 1227 723 1284 in
741 1245 819 1308 egro
839 1227 1009 1288 Caletrano

33 1309 102 1368 circe
114 1309 298 1368 Saturniam
311 1305 470 1368 coloniam
487 1306 656 1386 oppositos
671 1305 733 1366 eibi
744 1303 848 1368 belles
858 1308 953 1370 eicite
976 1319 1010 1370 et

32 1389 191 1458 lletellue,
222 1393 405 1451 llavennem
426 1384 598 1468 navigans,
629 1387 790 1446 Uritanum
809 1409 926 1470 agrum
964 1390 1009 1450 le·

32 1490 92 1528 num
112 1483 147 1530 et
167 1468 321 1530 immenti
339 1465 480 1528 feracem
499 1467 531 1526 in
550 1467 734 1549 potelletem
752 1467 888 1552 redegit.
916 1413 1009 1532 Abire

34 1571 153 1634 quoque
179 1549 327 1612 Sullanae
353 1549 466 1632 copiae
492 1545 523 1608 in
545 1549 827 1631 Neapolitanorum
854 1571 874 1612 o
899 1551 1008 1632 pielum

33 1647 117 1692 noctu
129 1631 335 1714 proditor-um
349 1651 447 1713 opera
463 1629 599 1710 recepti,
616 1629 794 1712 promiscua
809 1571 907 1693 caerfe
921 1652 1008 1692 corn·
1069 1707 1070 1716 ἵ

33 1715 195 1796 plevernnt
224 1712 347 1784 omnia,
384 1711 601 1792 triremesque
629 1711 768 1772 civitatis
798 1713 1008 1776 abduxerunt.

32 1797 144 1864 Etiam,
182 1807 218 1854 ut
247 1793 366 1889 ubique
393 1791 503 1864 eedem
533 1791 671 1873 partium
695 1791 825 1854 fortuna
850 1795 946 1866 ciret,
977 1795 1012 1856 in

34 1875 202 1958 Spoletinis
222 1893 341 1958 campie
354 1871 527 1955 Pompeius
540 1873 1014 1957 CrullitsqueCarbcnianorum
1053 1913 1056 1921 ·

33 1957 83 2016 tria
104 1957 209 2017 millia
230 1955 459 2028 conciderunt,
490 1953 731 2040 Carrinetirquc
756 1955 854 2020 cellro
876 1958 1012 2021 circum·

33 2039 189 2101 cederunt.

82 2187 199 2249 xvnt.
227 2189 315 2248 Inter
340 2185 420 2250 baec
443 2187 531 2250 Sulla
556 2187 660 2252 Carbo
707 2208 744 2262 e,
772 2189 875 2274 capita
897 2187 1012 2252 sactio-

33 2289 114 2342 nnrn,
152 2267 241 2352 apud
267 2269 410 2330 Clusium
439 2270 478 2332 ab
507 2273 635 2334 oriente
685 2271 716 2332 ie
744 2267 783 2332 ad
810 2271 1012 2333 occidentem
1041 2257 1201 2346 Qun!-

31 2347 190 2411 commiffo
218 2350 365 2434 proelio,
397 2365 514 2414 neutro
539 2354 713 2416 inclinante
737 2351 890 2428 victorie,
921 2343 1103 2415 tene-‘'¹⁹¹‘'
1121 2331 1201 2386 Μ’·

32 2429 152 2491 brarum
175 2445 374 2514 superventu
395 2431 547 2517 dirempti
567 2449 650 2496 aunt.
694 2433 799 2497 Carbo
821 2432 939 2496 deinde
958 2454 1013 2496 co·
1026 2412 1082 2454 ‘¹⁸'

29 2515 91 2593 pias
115 2533 248 2654 magnae
271 2512 310 2574 ad
331 2515 534 2576 eximendum
556 2517 726 2580 obsidione
741 2517 938 2578 Carrinatem
958 2516 1017 2576 mi·

32 2595 83 2654 sit:
106 2596 166 2677 qui
191 2615 230 2654 us
252 2593 391 2658 insidiae
415 2619 431 2658 a
453 2597 540 2659 Sulla
585 2599 705 2672 caitae,
729 2610 761 2658 et
780 2597 819 2658 ed
836 2597 899 2659 duo
916 2589 1029 2658 millie'
1077 2666 1080 2672 ¹

32 2674 216 2760 interempti
235 2689 318 2738 aunt.
362 2678 528 2750 Carrinas,
566 2679 679 2742 eedem
697 2679 840 2741 tenebris
860 2693 892 2740 et
910 2677 1018 2762 pluvie

30 2771 154 2819 noctem
175 2772 304 2832 nectua,
338 2777 378 2818 ex
398 2759 478 2821 locis
499 2761 622 2844 iniquia
642 2759 820 2824 exercitum
841 2757 878 2820 ad
897 2759 1018 2820 tutiora

33 2837 178 2900 deduxit:
207 2840 309 2922 magis
333 2837 620 2914 dissimulantibua‚
645 2863 738 2926 quem
760 2840 900 2924 ignaris,
921 2835 1018 2900 holli-

31 2917 101 2992 bus,
136 2919 226 3005 quod
251 2922 337 2982 inter
361 2939 455 2984 caeca
481 2923 685 2984 tenebrarum
708 2937 740 2986 et
764 2919 957 3008 tempestatis
978 2919 1017 2982 ad

32 3003 145 3081 proelii
172 3001 316 3064 laborem
338 3003 503 3088 aleamque
525 3005 660 3088 prodire
681 3005 822 3090 pigebat.

54 3203 60 3222 ,
84 3149 175 3210 xtx.
209 3147 283 3212 Pott
308 3148 388 3212 baec
415 3150 519 3212 Carbo
543 3151 582 3212 acl
606 3149 808 3214 liberandum
827 3143 1015 3223 Praeneste,

33 3228 80 3290 nbi
101 3231 263 3313 collegam
284 3229 367 3294 fame
383 3232 496 3316 premi
517 3248 738 3318 compererat,
770 3232 922 3294 Marcium
945 3249 1017 3292 curn
1057 3233 1179 3318 Meretur

30 3327 97 3374 octo
112 3311 303 3396 legionibus
318 3313 415 3374 misit.
440 3317 503 3375 Eas
518 3313 655 3398 angustie
675 3317 754 3376 loeis
772 3313 1016 3394 insidiaePom·
1029 3304 1191 3386 ΜΨ*

29 3395 89 3474 peji
112 3415 217 3478 quum
238 3396 454 3478 excepiffent,
486 3395 563 3477 luga
585 3393 768 3482 stragesque
792 3397 873 3458 lacta
894 3393 956 3468 ess,
985 3409 1018 3458 et
1030 3371 1215 3494 PY‘JQY

31 3475 60 3534 in
81 3477 243 3536 tumulum
287 3477 442 3548 uemdam,
487 3477 551 3536 nod
565 3493 722 3550 eraserat,
744 3477 909 3558 rejectum.
933 3481 1017 3538 Mar·
1030 3458 1207 3577 :zrvsnfim'

28 3557 104 3626 cius,
128 3577 200 3617 non
220 3496 380 3621 erbinctie
398 3497 540 3642 ignibus,
563 3577 603 3620 ne
622 3559 790 3620 consilium
809 3557 1018 3643 proderetur,

28 3635 64 3694 acl
81 3637 289 3706 Carbonem,
312 3652 402 3701 utre
423 3641 607 3726 desperata,
630 3641 829 3723 refugiebat:
853 3638 922 3712 ced,
944 3661 1023 3728 pro·
1052 3675 1055 3686 ‹

28 3716 87 3780 dita
112 3739 177 3791 rc,
208 3720 374 3782 seditiosis
395 3722 532 3782 militum
555 3721 688 3784 vocibus
707 3723 862 3804 agitatus,
895 3735 1023 3784 auctor·
1153 3720 1157 3730 ⁴

30 3820 84 3882 qne
103 3798 322 3875 insidiarum,
345 3821 424 3886 quea
442 3803 542 3866 client
561 3804 657 3887 palll,
681 3801 929 3888 appellatuskefl.
958 3807 1023 3866 Eo·

30 3903 85 3964 que
115 3879 252 3944 tandem
281 3883 402 3946 irarum
430 3899 581 3959 ventum,
617 3897 672 3958 ut,
710 3887 873 3948 convulsis
901 3885 1021 3967 signia,

32 3984 98 4044 para
116 3963 307 4026 Ariminum
327 3979 472 4051 peteret,
503 3967 558 4028 alii
577 3967 687 4052 pallim
707 3967 821 4029 domoc
841 3965 1023 4029 dilaberen-

60 4167 135 4242 Gap.
155 4167 252 4226 xvn.
274 4165 341 4224 Irin.
354 4167 402 4240 89,
422 4167 467 4226 55.
494 4167 619 4242 Appiae,
642 4169 706 4228 biv.
725 4165 803 4242 Epit.
829 4164 956 4240 Appiae.
1066 4229 1069 4238 Δ
