2702 4694
279 819 295 864 ,i

361 1012 366 1024 ·
433 976 724 1056 JOHANNIS
773 975 1171 1052 FREINSHEMH

223 1167 226 1174 ·
351 1167 721 1230 sorrnnnnnronnn
737 1167 985 1230 nmnnonnn
1000 1167 1121 1225 unna
1134 1166 1252 1227 nunu

447 1338 493 1400 ut
513 1334 666 1402 uocum
687 1297 804 1400 urant
826 1335 924 1401 ovn.
953 1335 993 1410 r.
1016 1288 1140 1402 artu.

126 1585 162 1644 u.
183 1587 284 1658 Met·
357 1547 383 1632 i.
404 1567 489 1630 Dum
505 1565 547 1630 ad
563 1565 724 1632 orientem
741 1565 804 1634 hoo
821 1565 939 1632 vulnus
954 1565 1077 1651 aeeipit
1088 1560 1296 1649 respublica

124 1660 160 1713 Δ.
173 1659 206 1715 C.
223 1663 267 1718 53.
296 1670 362 1714 non
382 1651 509 1714 minore
527 1652 561 1714 in
578 1667 667 1714 metu
688 1652 837 1738 legiones
853 1663 964 1724 erant,
990 1669 1079 1829 puae
1094 1664 1163 1732 per
1179 1647 1297 1710 Gallias

135 1731 213 1782 (ΜΗ
224 1730 278 1784 Μ·
298 1733 357 1796 sub
372 1733 570 1817 imperatore
584 1736 620 1796 C.
631 1735 769 1796 Caesare
784 1733 961 1794 merebant.
1025 1751 1202 1814 uamquam
1215 1729 1297 1791 enim

111 1799 281 1872 ΝΜ·
296 1815 433 1878 defensa
457 1835 564 1899 nuper
586 1815 757 1878 Ciceronis
780 1811 893 1888 eastra,
929 1813 1067 1876 defensa
1092 1818 1137 1874 Τ.
1157 1811 1296 1874 Labieni

295 1911 408 1976 erant3
429 1915 493 1958 non
513 1897 588 1960 ideo
603 1912 713 1960 terror
727 1895 832 1958 omnis
847 1897 1045 1960 exoleverat.
1069 1897 1153 1980 quin
1165 1893 1210 1956 ad
1222 1896 1296 1956 Cae·

174 1976 177 1984 ’
296 1999 404 2044 sarem
422 1979 571 2062 quotidie
589 1978 763 2042 veniebant
781 1979 909 2053 nuncii,
940 1977 1055 2060 diuersis
1072 1977 1190 2038 (intime
1206 1995 1293 2058 pern-

296 2062 345 2124 bus
361 2066 460 2144 pareri
476 2081 571 2136 arma,
601 2065 658 2145 cogi
667 2065 861 2140 juventutem,
889 2062 1035 2141 conparere
1054 2064 1131 2120 irater
1141 2059 1177 2139 ft
1190 2064 1295 2140 prinn-

296 2160 361 2226 με,
384 2161 411 2202 er
429 2163 536 2226 magnos
552 2144 650 2225 ubique
665 2163 754 2203 morus
772 2141 832 2223 effe.
875 2139 1082 2227 Tasgetium,
1115 2161 1134 2202 a
1154 2141 1294 2205 Caesare

249 2237 253 2248 '
297 2223 363 2286 sibi
382 2243 495 2308 regem
513 2225 720 2309 impositum,
743 2226 901 2288 Carnutes
918 2244 1024 2308 nuper
1042 2222 1295 2286 interfecerant.

296 2305 333 2366 id
352 2307 533 2402 exemplum
554 2308 685 2393 sequuti
705 2309 873 2380 Senones,
905 2307 1010 2369 valida
1028 2307 1165 2378 civitas,
1198 2307 1294 2368 Cava·

295 2387 405 2449 riuum
423 2403 613 2469 ejecerunt,
645 2402 678 2451 et
699 2404 830 2452 vocatus
852 2387 892 2450 ad
910 2389 1145 2473 imperatorem
1163 2401 1293 2451 senatus

171 2485 177 2504 ³
296 2487 412 2532 eorum
437 2471 525 2534 dicto
551 2471 687 2533 audiens
713 2491 778 2534 non
803 2471 877 2533 fuit.
920 2473 1036 2534 Nervii
1061 2470 1290 2553 Atuatieique,

297 2549 357 2614 sed
382 2565 456 2616 ante
480 2573 593 2616 omnes
610 2554 644 2614 in
661 2551 810 2618 Treviris
826 2551 1064 2615 Indutiomarus
1085 2551 1179 2614 omni
1199 2571 1288 2614 oona-

294 2643 332 2696 tu
349 2631 525 2698 instruebat
541 2635 680 2698 bellum:
704 2648 760 2708 et,
781 2655 970 2718 quamquam
990 2653 1193 2719 permovere
1211 2635 1290 2696 Ger·
1347 2629 1348 2716 i

285 2725 407 2778 'manos
424 2737 465 2780 ne
490 2717 634 2791 uiueret,
659 2731 696 2778 ut
712 2717 820 2778 denuo
836 2715 984 2778 Rhenum
1003 2713 1198 2790 transirent,
1220 2716 1295 2779 Gal·
1347 2719 1348 2768 t

294 2795 402 2860 lorum
419 2739 563 2884 undique
578 2797 787 2874 venientibus
803 2797 843 2889 ad
858 2818 895 2888 ee
911 2799 1040 2862 nunciis
1056 2799 1295 2861 excitabantur.

122 2943 283 3008 tantm.
339 2931 394 2995 ·11.
417 2931 547 2994 Initium
564 2928 645 2994 belli
663 2908 774 2994 {sasire
794 2904 834 2992 ais
854 2949 940 3014 oppa
965 2927 1097 2994 natione
1117 2924 1298 2993 cedrorum
1347 2939 1348 2976 t

100 3015 281 3070 malath-
293 3009 450 3088 Labieni,
474 3033 556 3098 quae
573 3027 667 3078 erant
684 3013 718 3074 in
734 3010 858 3085 Remis,
881 2951 1106 3075 eonfiituerate
1130 3011 1190 3075 sed
1208 3011 1297 3073 idem

105 3085 280 3144 mmmm·
293 3093 391 3157 etiam
406 3093 480 3156 finis
490 3096 529 3158 vei
545 3091 759 3158 tumultuandi
778 3094 875 3156 simul
893 3108 926 3156 et
940 3093 1075 3158 vivendi
1088 3094 1163 3156 suit.
1188 3093 1296 3179 Quip-

317 3197 335 3238 e
350 3177 532 3252 Labienus,
555 3177 629 3240 utili
647 3175 807 3253 oonsilio,
832 3195 1021 3261 quamquam
1040 3174 1228 3238 munitione
1242 3196 1296 3238 oa-

338 3276 430 3320 orum
447 3273 554 3334 tutus,
585 3272 707 3320 metum
726 3277 890 3342 eousque
907 3257 1089 3332 simulavit,
1119 3254 1231 3320 donee
1247 3260 1299 3319 ni-

187 3343 191 3352 “
292 3337 343 3404 hil
360 3354 543 3404 metuentes
554 3341 737 3416 ureniros,
761 3353 805 3414 et,
827 3337 896 3424 post
913 3341 1060 3406 eonvieia
1076 3337 1299 3425 conjectaque

294 3443 355 3485 euo
379 3443 472 3486 more
495 3424 581 3486 intra
603 3421 723 3496 vallum
749 3423 831 3500 tela,
862 3443 980 3486 secure
1002 3419 1214 3509 sparsimque
1241 3424 1299 3485 ab·

292 3519 426 3582 euntes,
449 3505 584 3568 immitto
602 3503 740 3590 r'e'pente
759 3503 907 3590 equitatu
923 3503 1077 3570 turbavit.
1114 3505 1197 3580 Sed,
1221 3507 1300 3592 quie

291 3601 506 3673 praeceperat
525 3587 610 3662 suis,
632 3603 674 3671 uti
687 3607 784 3651 nemo
803 3585 897 3672 prius
915 3601 1102 3672 peteretur,
1124 3609 1226 3673 qnam
1247 3589 1300 3649 in·

160 3742 165 3751 ι
290 3669 450 3732 terfectus
468 3669 704 3736 Indutiomarus
724 3669 820 3744 effer,
848 3669 884 3732 in
903 3668 989 3734 hune
1006 3683 1073 3738 tota
1092 3667 1146 3734 vis
1168 3671 1298 3733 omnis·

291 3767 356 3834 que
377 3751 543 3814 eontentio
562 3754 832 3838 persequentium
851 3771 965 3826 versa,
994 3751 1029 3814 iu
1051 3755 1058 3772 ‘
1086 3775 1124 3816 so
1144 3749 1296 3816 fluminis

292 3830 377 3910 vado
395 3831 572 3917 intercepit
591 3837 815 3899 transiturum.
853 3853 889 3898 ea
915 3849 949 3897 ut
968 3835 1003 3896 in
1021 3855 1057 3898 ea
1102 3835 1293 3898 arelatum.

224 3971 226 3980 ,
291 3914 340 3976 Ea
356 3933 411 3976 res
428 3915 558 3998 cognita
575 3935 641 3979 non
654 3917 752 3982 modo
767 3937 865 4004 repre
892 3931 919 3981 rt
930 3917 1111 3996 Tnetiros3
1133 3917 1195 3979 sed
1208 3923 1295 3982 Ner-

252 4147 256 4154 .
318 4105 406 4180 esp.
419 4107 443 4162 1.
470 4101 831 4170 mutauerant.
855 4103 1021 4179 atomo.
1043 4059 1237 4178 moram
1257 4105 1298 4166 o·

288 4181 396 4266 eos.o,
414 4192 456 4238 ro.
475 4175 561 4248 caet.
