2702 4694
329 301 390 386 tp
430 265 1074 368 anurnsuaurrneuunronnu
1083 299 1166 362 uu.
1181 297 1306 364 mn

115 535 122 550 ’
160 509 195 567 U·
214 527 242 566 c·
257 527 319 581 7⁰⁰·
335 513 400 576 Sed
411 511 601 576 Aeduorum
617 511 746 594 vulgus,
766 523 800 573 et
814 509 870 594 qui
883 508 1083 572 Gallicarum
1099 512 1246 596 partium
1257 513 1333 574 inter

160 580 199 702 if
220 579 254 635 0·
274 581 318 662 ⁵¹:
333 599 441 682 princi
468 609 632 668 esmant,
663 593 780 690 partim
799 593 1004 666 temeritate,
1034 593 1093 654 alii
1116 615 1161 656 ne
1179 597 1261 659 edet
1279 597 1334 658 sibi

143 665 320 772 ,fs'sffln‘
336 619 474 742 dicentia
491 677 691 764 proditionis
708 674 822 746 caulis,
847 671 887 735 ad
905 675 1047 760 primum
1062 678 1250 740 sLitarioo
1260 701 1334 740 nun·

144 803 202 840 „m
219 737 320 840 dviij,
335 763 422 826 cium
445 762 536 826 cives
555 763 720 822 Romanos
742 755 915 830 occidere,
938 756 1022 819 bona
1044 757 1223 842 diripere,
1244 761 1332 822 aiios.

139 857 270 924 fluum.
336 843 392 930 qui
415 865 450 906 se
471 839 710 916 defendebant,
741 857 932 924 oppugnare
958 853 1054 923 atque
1079 839 1247 904 obsidere
1271 863 1335 904 coe·

332 940 462 1014 perant.
504 929 599 998 Mox,
622 923 679 984 ubi
700 941 777 984 suos
798 921 918 982 milites
935 923 1042 984 teneti
1061 941 1078 984 a
1094 923 1245 987 Caesare
1264 925 1334 986 didi·

334 1022 468 1083 cerunt,
496 1019 532 1068 ut
550 1004 611 1068 hos
630 1017 885 1088 recuperarent,
908 1001 1078 1066 decretum
1095 1005 1278 1082 iecerunt,
1303 1031 1334 1066 aa

228 1163 231 1168 Δ
252 1086 258 1100 “
333 1094 368 1153 de
386 1093 462 1152 bostis
482 1088 601 1170 direptis
619 1085 737 1168 quaestio
754 1083 920 1146 baberetur:
945 1087 1111 1148 Litavici'et
1121 1099 1265 1172 fratrum
1279 1089 1334 1149 bont

351 1171 556 1232 obiicerentur:
569 1169 663 1250 *legari
672 1165 849 1250 satisfactum
865 1165 977 1248 Cseflsrs'
994 1171 1197 1242 reinserantur.
1232 1173 1333 1234 Caesar

348 1273 368 1332 e
390 1252 451 1316 atis
473 1251 616 1348 benigne
638 1247 833 1333 respondit,
859 1269 901 1311 nc
920 1249 1028 1312 alieno
1048 1264 1214 1338 tempore
1233 1269 1329 1338 poten·

333 1337 360 1400 ti
389 1357 483 1397 umam
501 1325 667 1396 civitatem
688 1330 845 1393 irritaret.
893 1335 991 1408 Nam,
1014 1331 1200 1419 desperata
1220 1339 1326 1419 Gergo-

333 1419 407 1482 viae
434 1415 692 1500 expugnatione,
727 1411 999 1510 quemadmodum
1022 1417 1107 1478 citra
1129 1417 1333 1504 dispendium

336 1501 502 1566 exercituo
521 1509 574 1561 aut
592 1495 696 1560 ismae
716 1493 922 1574 drseederet,
946 1495 1124 1582 cogitabat.

187 1663 291 1746 curer
306 1678 326 1718 s
401 1658 503 1731 LXV.
535 1659 684 1722 Attamen
713 1656 801 1724 inter
832 1681 886 1724 eas
917 1661 1137 1747 cogitationes
1171 1657 1334 1746 aliquando

164 1735 299 1802 (ΜΨ
336 1739 473 1808 hostium
493 1739 591 1805 castra
613 1725 852 1828 prdpeutodum
872 1765 973 1807 vacua
993 1745 1231 1841 conspicatus,
1260 1741 1334 1826 quod

160 1817 198 1875 Ν
198 1820 212 1853 ⁰
231 1809 324 1881 ΨῙΜ
337 1827 363 1890 ii
381 1825 421 1888 ed
440 1840 565 1888 uertunt
583 1821 868 1888 communiendum
884 1827 992 1888 locum
1009 1826 1133 1890 milstes
1150 1825 1333 1892 eduxerant,

159 1873 315 1954 nj⁶⁸⁸⁸¹⁰=
337 1929 452 1994 parum
470 1931 487 1970 s
506 1905 665 1992 capiendo
683 1927 725 1990 op
752 1904 808 1969 ido
823 1907 937 1970 abicit.
981 1911 1060 1972 Nam
1077 1907 1190 1972 celeri
1207 1909 1333 1992 impres·

336 1993 430 2054 sione
451 1991 513 2054 tria
532 1987 670 2052 hostium
688 1929 787 2052 caira
807 1985 911 2076 cepit:
933 1990 1224 2088 prosequentibus
1246 1991 1334 2052 sicto-

335 2071 420 2136 riam
447 2095 506 2158 spe
531 2071 672 2156 praedae
696 2071 874 2146 Romanis,
906 2075 1055 2136 nonuuilr
1081 2093 1204 2134 muros
1233 2071 1333 2156 oppidi

336 2155 612 2220 conscenderunt.
655 2141 722 2218 Sed
741 2167 880 2239 propter
899 2173 1053 2216 summam
1068 2155 1283 2240 iniquitatem
1295 2155 1334 2213 io·

296 2251 301 2292 ¹
338 2237 388 2309 oi,
418 2235 689 2322 quemadmodum
709 2237 830 2316 Caesar
848 2231 1076 2322 praeviderat,
1106 2236 1212 2298 facile
1230 2235 1331 2318 rejecti

253 2391 256 2398 Ι
338 2319 571 2382 detrimentum
584 2333 798 2414 acceperunt:
820 2315 1068 2381 centurionibus
1083 2339 1146 2382 sex
1161 2331 1197 2382 et
1210 2318 1331 2404 quadra·

338 2401 447 2484 ginta,
480 2400 794 2485 manipulariumque
821 2401 1067 2486 promptissimis
1096 2403 1224 2466 amissis
1251 2401 1334 2464 cirri·

289 2545 291 2550 ,
338 2495 393 2546 ter
421 2482 651 2566 septingentis.
703 2485 842 2556 Caesar,
874 2482 936 2544 hoc
960 2497 1096 2568 accepto
1121 2482 1334 2550 incommodo,

339 2561 501 2649 castigatis
527 2585 567 2625 uo
587 2563 682 2626 simul
704 2578 801 2648 atque
822 2563 854 2626 in
899 2563 1037 2628 osterum
1057 2563 1262 2628 confirmatis
1279 2565 1334 2624 mi·

338 2645 473 2720 litibus,
495 2585 530 2708 ii
548 2659 669 2708 tantum
689 2661 851 2720 motetus,
874 2586 981 2710 donec
999 2647 1132 2710 timoris
1154 2649 1336 2734 opinionem

339 2729 540 2812 repelleret,
574 2725 725 2794 instructa
751 2729 821 2791 acie
848 2731 975 2815 copiam
1004 2753 1048 2816 pu
1073 2731 1176 2792 nandi
1204 2727 1338 2792 hostibus

336 2831 403 2896 per
420 2810 564 2874 triduum
584 2809 675 2872 iecit.
718 2809 864 2888 Deinde,
888 2833 986 2896 quum
1008 2752 1338 2896 ciereingenton'ge

260 2957 263 2964 ,
340 2905 466 2956 tautum
491 2892 653 2978 equitatus
678 2893 828 2967 eusitius,
861 2894 955 2978 isque
981 2895 1048 2958 levi
1070 2895 1209 2980 proelio
1229 2897 1338 2958 iterum

341 2995 381 3038 re
407 2976 496 3038 ulsus
515 2973 610 3045 asset,
634 2973 901 3057 quemadmodum
921 2975 1145 3054 constituerat,
1169 2978 1338 3046 obsidione

172 3091 174 3094 ·
293 3099 295 3104 -
343 2997 480 3136 reiicta,
501 3055 742 3142 prosectionem
759 3057 794 3118 iu
809 3056 943 3122 Aeduos
961 3057 1108 3124 iuliituit.

190 3229 337 3304 Aaetstps-
408 3217 523 3283 va1.
550 3213 657 3309 Quum
682 3213 723 3278 ad
747 3211 868 3281 flumen
886 3218 1006 3282 Elaver
1027 3218 1190 3296 venitret,
1223 3222 1251 3283 Ε
1295 3240 1337 3280 re-

176 3302 243 3384 iit'es
262 3301 325 3368 tofi·
346 3298 443 3362 doris
467 3295 750 3364 atviridomarua
777 3313 989 3376 commeatum
1017 3314 1155 3386 petunt:
1196 3305 1342 3384 inreligerr

174 3381 259 3428 ‘¹¹⁰⁸'-
339 3381 391 3467 se,
424 3381 461 3440 ad
483 3377 698 3442 comnroveudam
716 3385 854 3454 ciuitatem
874 3385 1028 3444 Litavicsm
1046 3405 1107 3444 mm
1128 3389 1210 3446 omni
1225 3389 1338 3468 eqritam

345 3469 376 3528 iss
390 3463 500 3524 Aeduos
515 3461 685 3546 profectum
707 3479 773 3540 opus
792 3462 842 3544 effe
854 3464 906 3544 ¹[sta
921 3466 1090 3546 praesentis,
1114 3483 1148 3524 ut
1166 3473 1199 3527 iss
1212 3466 1272 3546 fide
1285 3489 1336 3526 cou-

261 3579 265 3589 ,
346 3549 455 3610 rimam
474 3549 553 3610 cives.
594 3544 640 3604 lta
666 3540 802 3617 dimini,
835 3544 998 3631 postquam
1026 3545 1268 3611 Noviodunum
1292 3567 1334 3608 se·

345 3639 482 3700 nerunt,
505 3625 545 3688 ad
562 3624 709 3708 Ligerim
729 3627 872 3712 positum
889 3628 998 3691 Aedui
1011 3629 1158 3692 nominis
1180 3630 1331 3717 oppidum.

346 3723 460 3794 aperte
477 3707 707 3774 desciverunt:
729 3710 858 3772 nunciis
871 3729 1003 3773 suorum
1018 3724 1050 3774 et
1060 3729 1247 3794 praesente
1280 3731 1334 3773 rse-

347 3791 387 3852 da
415 3789 550 3852 incitati.
603 3789 733 3876 Quippe
757 3791 985 3854 Noviodunum
1013 3796 1136 3855 Caesar
1165 3795 1247 3860 obsi
1268 3817 1298 3856 cs
1322 3815 1334 3852 t

346 3885 414 3938 tota
434 3873 556 3945 Gallia,
578 3871 793 3942 frumentum,
821 3875 1011 3955 pecuniam,
1034 3875 1336 3958 impedimentorum

346 3969 491 4040 partem,
514 3967 548 4016 et
569 3947 792 4038 coimptos'in
811 3955 900 4016 ltalia
913 3975 954 4018 ue
969 3955 1129 4040 Hispania
1147 3979 1257 4044 equos
1272 3979 1341 4020 con-t

346 4037 475 4100 tulerat.
517 4037 638 4118 Igitur,
665 4051 845 4120 comperto,
869 4037 1048 4101 Litavicum
1064 4039 1236 4116 Bibracte,
1257 4053 1341 4126 pree-j

347 4117 462 4200 cipuae
481 4117 648 4201 potentiae
667 4119 811 4202 oppido,
835 4139 911 4182 rece
937 4135 1022 4198 tnm3
1054 4135 1086 4181 ct
1106 4123 1284 4208 principes
1303 4124 1341 4202 ci}

345 4197 457 4265 sitatis
483 4197 523 4264 sd
550 4201 642 4265 tuum
665 4200 789 4270 senilis
801 4223 813 4286 ς
843 4141 979 4288 petitas
998 4203 1133 4272 nominc
1154 4203 1289 4292 legatos
1307 4201 1341 4288 ai,

872 4355 878 4362 .

856 4379 860 4392 »
1340 4343 1341 4409 i
