2680 4690
115 495 228 546 ..07

222 565 233 582 Ι

286 193 348 261 tat
378 191 660 260 neminemnam
677 187 1091 256 SUPPLEnenTonutt
1103 191 1269 256 muttit.

264 375 449 486 oposueret.
492 399 528 462 ld
553 377 772 484 spectaculum
797 400 841 461 ita
856 400 1100 544 ¹perterrefecit
1120 397 1279 471 obaess'os,

248 509 258 534 ·
288 497 334 554 ut,
359 482 387 546 si
406 481 561 546 continuo
579 483 708 566 sequuti
724 482 836 578 plnres
871 481 997 555 uillent,
1020 483 1053 544 in
1068 499 1185 562 magno
1197 480 1281 575 peri:

289 563 364 646 pulo
387 583 442 626 res
463 564 621 648 Cyzicena
640 563 757 636 iuerat.
808 563 891 636 Sed,
922 563 996 626 dum
1022 564 1119 626 etiarn
1142 563 1178 622 in
1202 573 1283 622 turn
1321 629 1322 644 ,

144 683 152 710 t
258 685 260 690 ·
287 643 486 728 trepidatur,
508 659 780 730 propugnatores,
803 645 975 729 resumptis
996 645 1122 741 animiq,
1146 658 1281 740 quatuor
1321 649 1322 690 l

287 727 364 795 illos
382 725 575 796 detrudunt:
597 747 761 810 navesque
777 727 851 810 pice
871 726 1029 811 perfusas,
1052 740 1085 788 ct
1100 746 1170 822 qgnt
1187 745 1283 868 appe-
1321 725 1322 782 l

287 807 382 882 titas,
412 807 562 870 inhibere
584 822 675 870 retro
696 823 833 892 cogunt,
856 822 945 871 etse
968 809 1146 870 discrimina
1166 829 1205 868 sn
1231 806 1283 866 du·

143 919 149 928 ·
252 963 258 974 ἱ
288 909 376 957 cere.
421 889 476 951 Sic
494 890 651 952 maritime
669 891 868 976 oppugnatio
887 891 921 951 in
937 889 1067 952 irritum
1084 888 1189 951 cellit.
1224 886 1284 950 Sed
1321 897 1322 904 ’

289 985 414 1034 eterra
439 971 559 1052 triplex
582 971 693 1033 eadem
716 970 770 1034 die
792 983 924 1034 conatus
947 972 1072 1044 sactus,
1103 971 1284 1031 machinae·
1321 987 1322 998 ¹

290 1073 354 1138 quo
382 1051 547 1126 admotae,
584 1053 731 1136 gnaviter
752 1051 793 1113 ad
815 1053 1041 1115 defensionem
1062 1053 1285 1115 concurrenti·
1321 1075 1322 1090 ι

289 1135 351 1230 bus
370 1132 560 1220 oppidanis,
590 1134 639 1196 uti
662 1154 792 1230 quoque
814 1135 888 1198 loco
907 1135 1077 1198 neoessitas
1098 1131 1284 1218 postulabat.
1321 1157 1322 1172 ι

289 1219 422 1283 Arietes
449 1230 502 1277 aut
527 1215 729 1280 libramentis
758 1235 906 1280 saxorum
930 1217 1063 1298 injectis
1082 1215 1286 1300 praefringe-

289 1297 424 1380 bantur,
448 1311 501 1358 aut
517 1297 642 1392 laqueis
660 1317 774 1359 eorum
791 1299 1020 1362 avertebantur
1035 1299 1137 1370 ictus,
1162 1312 1217 1360 ant
1233 1297 1286 1358 ob·
1321 1281 1322 1362 Ῐ

290 1377 386 1460 jectis
419 1397 437 1442 e
466 1379 586 1441 vimine
619 1379 761 1442 cratibus
793 1381 865 1442 lana
895 1381 1032 1468 repletis
1062 1379 1285 1442 eludebantur.

291 1462 412 1522 Contra
428 1460 530 1542 ignita
547 1462 611 1526 tela
630 1463 713 1522 aceti
732 1475 765 1524 et
781 1483 934 1549 aquarum
952 1463 1046 1547 eopia
1063 1459 1193 1548 praello
1210 1475 1285 1522 erat.
1321 1481 1322 1488 ¹

291 1555 401 1604 cetera
428 1540 574 1616 missilia,
609 1541 749 1606 vestibus
773 1545 1032 1632 centonibusque
1054 1543 1212 1632 oppansis
1232 1543 1289 1602 int·

289 1637 370 1712 petu
391 1621 515 1694 tracto,
537 1623 696 1689 cadebant
710 1625 813 1688 irrita.
844 1625 925 1688 nihil
946 1625 1214 1714 deniquepquod
1232 1624 1288 1684 hn-

290 1725 382 1768 mana
406 1724 584 1798 suggerere
609 1719 663 1770 eut
682 1707 818 1792 exsequi
839 1705 990 1772 industria

195 1831 197 1836 .
288 1787 383 1850 venis
400 1789 617 1854 omittebatur.
651 1792 766 1872 Neque
786 1803 891 1854 tamen
911 1732 1080 1876 prohiberi
1124 1791 1227 1860 otuit,
1250 1807 1290 1848 ne

289 1889 368 2014 pars
384 1867 546 1932 moenium
564 1868 716 1932 succensa
733 1871 793 1935 sub
810 1871 976 1958 vesperam
992 1872 1086 1934 conci
1111 1886 1196 1933 eret.
1227 1868 1292 1932 Sed

242 1969 244 1976 ’
316 1948 409 2024 ostia,
431 1969 473 2010 ne
494 1973 555 2034 per
570 1953 681 2016 ruinas
700 1953 916 2038 irrumperet,
940 1953 1058 2015 ardore
1072 1951 1221 2014 incendii
1236 1971 1293 2012 vc·

290 2031 429 2094 tabatur.
459 2031 584 2094 ideirco
600 2036 750 2118 sequenti
766 2049 862 2102 nocte
878 2035 1008 2114 obseffi,
1031 2035 1095 2098 alio
1110 2033 1292 2102 munimen·

221 2110 226 2122 '
292 2126 326 2177 to
347 2111 506 2190 excitato,
529 2113 711 2182 clauserunt
729 2117 847 2184 locum.

1034 1707 1124 1782 oilit,
1157 1729 1175 1768 a
1199 1707 1289 1789 Cyzi·
1321 1749 1322 1780 ζ

118 2255 286 2330 erasme„
355 2239 439 2302 lllll.
466 2237 693 2315 Mithridates,
715 2261 815 2304 vanae
834 2237 1086 2324 oppugnationis
1105 2237 1225 2302 dolore
1240 2259 1294 2304 ae·
1321 2205 1322 2212 ἵ

102 2328 278 2411 adiuvatvq·
295 2339 373 2405 ger,
403 2320 493 2384 varia
514 2322 762 2406 retorquebat,
792 2323 984 2384 non‘solum
1006 2322 1127 2384 virtute
1148 2321 1297 2384 obsesso.

29 2455 33 2464 ,
102 2413 214 2455 atomos.

293 2424 383 2478 rum,
413 2401 473 2464 sed
499 2403 596 2464 etiam
623 2403 752 2466 casibus
780 2403 935 2476 territus,
967 2423 1049 2490 quos
1075 2403 1230 2500 plerique
1257 2403 1297 2464 ad

293 2483 435 2547 faventia
448 2484 624 2582 'Cyzicenis
643 2485 775 2548 numina
793 2484 993 2549 referebant.
1035 2481 1241 2569 Aristagoras
1263 2507 1298 2548 e·
1321 2509 1322 2514 ¹

193 2593 195 2596 ·
292 2566 377 2639 nim,
401 2588 457 2650 qur
476 2587 509 2626 tn
529 2585 654 2628 summo
673 2565 856 2652 magistratu
873 2589 916 2652 po
940 2567 987 2629 uli
1006 2567 1131 2652 agebat,
1154 2570 1298 2630 Pr'oser-

292 2649 403 2737 pinam
422 2645 572 2712 adstitiss'o
596 2649 660 2712 eibi
681 2649 716 2710 in
737 2650 875 2722 somniis
894 2669 910 2710 a
950 2649 1081 2722 arebat,
1111 2647 1298 2724 dicentem,

222 2749 224 2754 ’
293 2731 425 2810 adversus
450 2729 579 2794 Ponticos
604 2730 736 2796 sutiam
755 2731 882 2814 Afir'cum
904 2731 935 2814 se
960 2731 1094 2793 tibicinem
1120 2730 1297 2812 comparasse.
1321 2803 1322 2808 ἵ

293 2812 490 2876 Mirantibus
510 2811 593 2875 hanc
610 2830 725 2879 vocem
743 2813 929 2896 Cyzicenis,
947 2813 1011 2896 sub
1055 2813 1168 2874 rimam
1189 2815 1302 2878 lucem

292 2893 509 2958 intumescere
533 2915 644 2968 mere,
678 2895 853 2979 sentitque
887 2836 1091 2980 sibilantibus
1125 2895 1322 2959 machinae

292 2973 429 3042 stridere
441 2991 643 3059 ¹coeperunt.
675 2998 751 3040 mox
769 2977 957 3041 incredibili
975 2977 1181 3043 vehementia
1200 2999 1303 3042 coor-
1321 3035 1322 3056 ,

186 3114 188 3120 ,
291 3053 346 3119 tus
366 3057 481 3122 Auster
506 3072 615 3122 turres
638 3055 795 3132 hostium,
825 3060 913 3123 inter
935 3079 1013 3144 ques
1042 3075 1075 3124 et
1090 3060 1188 3124 illem
1214 3057 1322 3150 insi-i

228 3235 231 3242 ’
295 3235 329 3282 et
349 3221 513 3288 machinas
532 3223 741 3308 reliquas.ita
759 3223 932 3297 laceravit,
964 3237 1000 3286 ut
1020 3225 1152 3287 inutiles
1174 3225 1307 3288 redde-

292 3159 389 3222 gnetn
407 3153 534 3204 centnm
553 3139 737 3204 cubitorum
753 3141 937 3216 altitudine,
961 3157 1126 3206 momento
1143 3141 1322 3223 disjecit?

293 3304 419 3366 rentur.
461 3305 629 3370 Iliensium
651 3325 782 3392 quoque
798 3305 909 3366 multis
926 3307 1106 3391 apparuiss'e
1124 3327 1187 3392 per
1201 3309 1306 3392 quie·
1321 3275 1322 3360 i

125 3393 279 3456 lttdlntr·
293 3397 360 3448 tent
378 3385 546 3450 Minervae
570 3389 715 3470 speciem
736 3385 865 3460 ferunt,
897 3390 999 3452 multo
1021 3388 1142 3452 sudore
1165 3373 1322 3456 manaa-l

111 3485 159 3525 tta·

190 3635 201 3655 Ι
248 3623 250 3628 .

175 4032 178 4050 ι
252 4061 255 4068 .
328 4018 402 4101 cap.
423 4026 501 4084 xnt.
528 4023 586 4084 ιιι.
606 4025 718 4104 oasaq.
746 4027 824 4088 rtur.
850 3989 978 4109 appan.
1004 4029 1082 4089 rut.
1124 4030 1200 4112 cap.
1216 4007 1322 4096 x1v.l

292 3465 355 3540 tis,
390 3463 575 3556 ollenlhque
598 3471 688 3556 pepli
709 3485 802 3554 parte
824 3469 992 3559 disrupta,
1022 3471 1181 3546 dicentis,
1220 3469 1322 3533 modo*

286 3547 369 3633 stab
389 3559 437 3630 ope
454 3553 594 3630 Cyzicenis
605 3553 726 3634 ferenda
744 3555 859 3615 reverti.

353 3673 441 3738 xlv.
468 3671 567 3736 Aliud
585 3671 704 3739 deinde
722 3675 914 3738 miraculum
935 3697 970 3740 oa
995 3691 1044 3742 tes
1064 3665 1310 3762 superstitione

289 3768 436 3826 mentes,
459 3775 521 3852 pro
541 3755 739 3852 diversarum
755 3759 896 3854 partium
914 3700 1044 3856 studiis,
1073 3781 1132 3844 spe
1152 3774 1209 3820 aut
1230 3782 1322 3862 rue-q

290 3850 326 3900 tu
354 3837 504 3924 replerat.
556 3839 707 3922 Cyetcent
732 3860 909 3927 praecipua
935 3843 1099 3926 reltgtone
1120 3841 1313 3929 Proserpi-

292 4085 420 4166 Appiae.
