2654 4684
105 353 109 360 ,
263 337 267 346 ,
308 279 350 358 qe
369 273 651 340 rnntnsunnu
673 241 1297 348 surrnennnronunnnnmr.

140 485 174 540 u,
191 503 219 540 r.
232 481 293 542 668.
308 481 422 557 urbia,
443 479 596 546 libertato
611 481 803 568 proposita,
827 501 1000 546 servorum
1018 479 1138 546 auxilio
1157 479 1218 552 uti,
1243 501 1300 542 ne·

139 555 174 608 A·
184 555 218 611 0·
231 555 277 625 ⁸7·
309 565 416 650 gavit,
432 563 569 648 sutrinse
581 583 676 623 contra
693 562 763 647 leger
777 564 908 626 daturum
924 583 981 626 eam
996 567 1151 638 deitatem,
1173 562 1246 622 riade
1264 565 1297 622 C.

309 650 437 708 rtlarr'um
463 643 568 728 legibus
598 653 698 725 parens
720 664 835 712 arceret.
876 645 921 710 At
944 645 1043 743 louge
1063 643 1126 710 alia
1146 644 1301 708 Cinnanis

308 728 393 790 ratio
413 741 506 799 erat,
536 726 615 811 qui,
642 738 781 810 quatuor
795 727 891 790 factis
908 727 1127 798 exercitibus,
1159 745 1222 810 pro
1243 747 1302 786 nu·

307 829 400 872 mero
418 808 554 881 dueum,
579 807 685 887 (nam,
707 821 840 892 praeter
861 809 994 872 Cinnam
1014 824 1048 873 et
1070 807 1227 878 Marium,
1253 827 1304 868 se·

309 890 403 953 orfim
431 889 474 984 Q.
494 890 684 962 Sertorius,
722 889 780 952 Cn.
807 891 960 974 Papirius
990 891 1096 955 Carbo
1125 889 1303 966 ducebant)

309 971 459 1034 Tiberim
479 991 603 1033 amnem
628 972 820 1035 clauserant.
863 975 913 1033 Ex
929 972 1067 1036 adverso
1086 969 1179 1033 urbis
1202 971 1306 1033 Cinna

310 1067 344 1117 et
368 1052 474 1116 Carbo
502 1051 663 1116 habebant
695 1051 810 1116 osssrat
839 1073 936 1139 stupra
968 1055 1082 1117 urbem
1114 1053 1306 1125 Sertorius,

309 1135 396 1198 inira
416 1135 452 1198 C.
463 1135 586 1198 Marius
603 1135 836 1198 consederant:
859 1151 911 1208 et,
933 1137 1087 1220 pontibus
1106 1135 1228 1225 ubique
1247 1135 1308 1194 im-

334 1215 450 1290 ositis,
472 1215 673 1302 dimidiaque
692 1217 731 1278 ad
752 1217 957 1302 diripiendos
982 1219 1206 1304 negotiatores
1228 1217 1309 1277 lem-

310 1241 382 1374 bis,
403 1319 446 1361 ne
464 1297 544 1384 quid
562 1294 733 1384 importari
753 1300 787 1362 in
803 1297 917 1361 urbem
934 1301 1054 1386 pollet,
1076 1297 1308 1386 prohibebant.

73 1455 81 1464 ”
142 1469 239 1535 ostiara
256 1485 302 1524 aar·
373 1463 502 1528 XLVII.
525 1457 647 1526 Ossiam
668 1481 798 1547 quoque
825 1463 984 1526 coloniam
1005 1462 1196 1548 proditione
1224 1481 1309 1544 quo-

120 1552 226 1618 rtfsm
241 1540 300 1593 M·-
313 1543 459 1614 rumdam
481 1545 679 1630 expugnavit
696 1547 835 1619 Mariua,
864 1543 1040 1631 multisque
1060 1548 1093 1606 in
1118 1563 1156 1606 ea
1176 1562 1311 1626 perem-

125 1623 196 1660 ''“'·
312 1625 379 1710 ptis
405 1623 551 1699 civibus,
585 1647 627 1711 op
652 1625 739 1686 idum
765 1626 902 1689 nefanda
927 1641 1035 1712 strage
1054 1625 1211 1710 diripuit,
1241 1645 1312 1685 om-

312 1707 411 1776 nibus
433 1707 607 1782 avaritiae,
628 1649 805 1782 libidinis,
835 1706 1239 1794 saeuitiaequeexemplis
1263 1705 1312 1766 ibi

313 1787 423 1852 editisr
465 1787 516 1850 Ab
550 1789 611 1851 alia
634 1802 727 1873 parte
755 1789 956 1864 Ariminum,
988 1791 1088 1853 millis
1113 1809 1153 1852 eo
1184 1787 1312 1871 copiis,

314 1870 418 1934 Cinna
436 1869 566 1955 redegit
586 1871 619 1932 in
636 1867 841 1954 potestatem:
861 1893 926 1958 quo
953 1872 1062 1946 facto,
1108 1890 1168 1932 uae
1188 1870 1223 1930 in
1243 1874 1313 1930 'so-

312 1966 386 2096 gpta
416 1952 522 2016 Gallia
555 1951 711 2014 collectae
739 1954 853 2038 copiae
884 1968 995 2028 erant,
1039 1893 1312 2016 exdudebanmr.

225 2109 227 2116 Α
341 2033 405 2096 nde
419 2047 526 2096 arctam
541 2034 575 2097 in
591 2034 673 2096 urbo
688 2056 743 2098 res
760 2055 834 2098 esse
849 2036 1066 2121 incipiebantt
1092 2037 1211 2112 tintam
1227 2032 1314 2092 mul-

312 2116 485 2179 titudinem
503 2116 570 2180 oito
589 2131 758 2200 premente
778 2131 1011 2180 commeatuum
1034 2116 1165 2202 inopia3
1192 2114 1316 2176 variis-

313 2219 377 2282 que
396 2197 528 2260 interim
551 2197 678 2260 obortis
698 2198 962 2274 difficultatibus,
1000 2219 1098 2284 quum
1117 2199 1216 2281 longe
1243 2219 1316 2255 orn-

281 2275 288 2296 ⁰
313 2281 367 2341 nia
384 2279 501 2342 auxilia
526 2281 626 2342 elleut
635 2301 645 2358 3
674 2283 813 2366 populus
831 2281 964 2355 animis,
999 2294 1128 2343 senatus
1147 2279 1315 2352 consilio,

280 2397 282 2404 s
314 2358 518 2446 magistratus
545 2360 756 2436 auctoritate,
795 2361 970 2426 eoncordia
991 2383 1103 2424 omnes
1125 2357 1319 2423 deficeren-

315 2459 385 2508 tur:
407 2443 574 2528 multoque
590 2443 664 2528 plus
687 2444 806 2506 virium
825 2443 930 2508 divisa
949 2445 981 2506 in
1001 2457 1110 2528 partes
1132 2445 1239 2504 Roma
1258 2440 1319 2501 ha-

315 2527 428 2598 beret,
450 2545 514 2610 quo
535 2521 573 2588 'se
591 2525 810 2610 opprimeret,
832 2545 1008 2612 quamquo
1031 2524 1289 2588 defenderetur.

154 2707 302 2762 Parenta·
375 2689 517 2754 xuvnr.
538 2689 629 2750 Haeo
643 2685 796 2749 nimirum
814 2689 868 2751 illa
888 2688 931 2752 eil
946 2693 1090 2753 Romans
1108 2684 1319 2769 respublica,

111 2793 156 2839 ,η
172 2778 284 2830 divitias
315 2771 405 2854 cujus
424 2769 678 2856 magnitudinem
697 2789 809 2833 omnes
831 2771 1009 2850 mirantur3
1032 2785 1065 2833 et
1081 2766 1322 2834 solertillimus

130 2865 181 2902 m
194 2845 298 2926 suffice·
314 2855 453 2937 quisque
475 2852 573 2914 rebus
602 2852 670 2914 suis
688 2853 810 2938 optime
837 2854 1018 2916 consultum
1043 2850 1264 2921 existimaret,
1289 2849 1323 2912 si

133 2915 354 3034 ''idb'ff'ad
385 2933 497 2996 eadem
546 2935 698 2997 ervenire
729 2934 904 2997 sineretur.
947 2935 1126 2997 Enimvero
1147 2951 1324 3014 nusquam

130 2987 301 3112 {want
315 3015 487 3078 illustriora
531 3029 699 3078 ooumenta
718 3013 924 3091 exstiterunt,
948 3037 1041 3102 quam
1061 3013 1142 3076 nibil
1159 3013 1202 3075 sit
1222 3015 1262 3076 in
1280 3037 1303 3074 ο

196 3073 226 3178 ρ,
314 3098 412 3184 pibus
430 3111 526 3182 atque
540 3098 702 3181 potentia,
724 3097 871 3182 bellique
888 3099 1017 3172 virtute,
1040 3097 1129 3170 boni,
1154 3095 1181 3154 ai
1199 3097 1325 3156 seien-

258 3244 266 3252 ,
314 3179 359 3242 tin
377 3179 464 3242 desit
482 3179 603 3242 utendi.
634 3177 912 3275 Quemadmodum
927 3181 1013 3245 enim
1028 3177 1164 3241 Herculi
1182 3176 1323 3238 iurent'

315 3261 369 3323 lon
395 3283 413 3325 e
436 3253 545 3324 fuiss'et
572 3261 689 3334 satius,
733 3262 831 3324 armis
850 3252 1071 3344 membrisque
1093 3261 1142 3322 uti
1161 3277 1230 3319 non
1253 3279 1305 3342 po

231 3398 249 3409 ,,
314 3344 362 3404 tui
420 3388 428 3418 ,
456 3365 550 3429 quam
567 3342 715 3404 liberslle
732 3361 863 3427 gratem
886 3345 1027 3416 olavam,
1049 3357 1081 3405 et
1097 3342 1257 3404 volueres
1282 3363 1308 3402 e

313 3421 434 3489 inisiffe
457 3427 610 3509 sagittas,
632 3425 750 3522 quibus
773 3428 983 3513 semetipsum
1001 3423 1169 3487 curillimia
1213 3421 1309 3504 igno

314 3507 406 3568 ribus
430 3509 606 3592 spoliaret3
641 3519 684 3568 tta
714 3507 837 3570 civitati
869 3506 1006 3594 praestat
1030 3505 1161 3590 exiguas
1185 3443 1326 3566 deber·

313 3589 425 3664 vires,
460 3610 554 3675 quam
578 3589 819 3673 praegrandes,
851 3590 968 3675 quibus
991 3590 1027 3651 in
1052 3607 1143 3655 suum
1172 3587 1311 3648 exitiu

315 3671 473 3734 abutatur.
517 3673 588 3754 Ego
611 3683 723 3742 certe,
754 3673 782 3732 si
812 3671 908 3733 detur
925 3671 1037 3756 optio,
1066 3667 1136 3749 ejus
1159 3669 1323 3732 civitati

318 3754 401 3816 uitis
420 3754 484 3816 elle
502 3753 635 3814 minime
656 3753 785 3824 vellem,
808 3773 889 3837 quae
909 3753 1061 3837 gentibus
1079 3749 1235 3814 omnibus
1255 3753 1315 3816 im

313 3856 433 3934 parare
449 3836 634 3910 diceretur,
657 3848 802 3896 ceterum
818 3855 879 3918 per
889 3833 1062 3898 'intestinos
1078 3833 1240 3896 tumultus
1257 3857 1314 3898 ne

313 3919 395 3998 muni
416 3937 547 3980 suorum
572 3917 707 3978 salutem
725 3930 821 4001 atque
843 3916 1033 4002 dignitatem
1052 3929 1152 3978 tutam
1169 3915 1319 4002 praesta

347 4106 421 4177 cap.
437 4101 538 4157 xuvr.
558 4099 640 4155 nor.
655 4101 684 4168 s,
703 4121 745 4158 ω.
758 4103 893 4176 appan.
912 4101 990 4160 rtur.
1025 4061 1099 4176 unp.
1113 4101 1315 4163 rueram

310 4174 389 4248 Epit.
409 4172 486 4228 rtur.
504 4171 586 4227 Flor.
605 4169 691 4228 Oros.
708 4169 836 4247 bppisn.
1047 4191 1051 4200 ¹
1124 4223 1136 4234 ,
