2734 4688
775 101 779 130 q
806 99 809 106 ,

234 231 279 294 tu
299 179 451 296 nocou
473 232 556 296 mu.
577 199 719 311 tenu.
743 232 878 300 mvn,
989 243 1051 316 407

460 373 520 390 ..μ

57 459 213 524 corpora,
244 440 310 502 nisi
335 438 404 524 poli
430 454 680 504 consummatam
707 439 898 514 victoriam,
932 461 1052 504 nevero
1081 437 1117 494 U·
1134 435 1239 494 effi·

78 523 227 606 reposito
244 523 365 594 edicto,
390 535 547 586 vetuerat.
578 523 679 606 igitur
696 543 758 607 per
777 523 964 606 quindecim
979 525 1052 586 mil·
1082 507 1222 580 A·⁰·⁶9·

55 546 98 666 iia
113 605 274 689 patruum,
298 605 439 668 armillas
455 619 656 690 torquetque
676 625 792 667 aureos
810 605 978 681 calcando,
1002 607 1053 668 in-

57 708 91 748 se
116 688 185 748 uuti
205 685 324 750 bollein
344 702 435 750 aunt:
458 687 518 750 auh
539 701 669 748 noctem
687 686 815 764 demum
831 687 972 761 reversi,
987 689 1053 750 Lu-

56 709 141 832 ordio
164 769 227 850 jam
249 771 480 856 permittente,
508 771 660 852 legerunt
683 768 797 853 spolia.
840 769 993 832 Peditum
1013 769 1055 832 ad

54 853 156 913 millia
175 866 303 914 centum
322 851 496 914 interiecta
512 850 695 924 traduntur,
708 853 846 934 'equites
864 851 958 915 valde
974 875 1054 949 pau·

55 935 84 995 ei
108 931 276 1018 elingille3
306 955 405 1020 quum
425 935 570 996 victores
593 934 724 994 omnino
745 935 888 1018 quinque
913 933 1055 997 cecidis-

55 1031 147 1087 sent,
172 1029 301 1078 centurn
324 1017 425 1084 ellent
444 1016 621 1078 vulnerati:
652 1029 688 1078 ut
708 1015 799 1098 ipsos
818 1015 1055 1100 propemodum

55 1097 197 1182 puderet
223 1098 380 1160 victoriae
409 1117 503 1172 uuae,
537 1099 594 1182 qui
622 1118 696 1160 cum
721 1099 840 1160 talibus
864 1097 1054 1182 mancipiis,
1143 1125 1146 1134 ¹

56 1179 150 1263 quasi
171 1199 244 1240 cum
261 1179 362 1254 viria,
386 1179 479 1264 signa
497 1181 712 1244 contulill'ent.
745 1193 809 1241 tarn
827 1179 892 1242 levi
911 1201 1056 1242 momen·

53 1274 87 1322 to
117 1261 265 1341 dejectus
293 1263 589 1406 conculcatusque'
620 1262 807 1325 otentillimi
829 1263 938 1348 regis,
969 1261 1056 1344 ejus·
1153 1260 1156 1269 ’

54 1343 197 1430 demque
216 1343 453 1430 superbiffimi,
475 1343 508 1406 fa
535 1366 573 1406 ua
593 1285 667 1408 ibit.

99 1475 248 1540 XLVlll.
264 1475 371 1560 Atque
383 1475 457 1573 ipse
466 1477 554 1538 inter
563 1476 688 1574 primos
700 1475 843 1560 fugiens,
858 1477 913 1538 vix
925 1489 1054 1539 centum
1086 1496 1227 1568 pum„

75 1557 289 1641 uinquaginta
310 1558 475 1642 equitibus
494 1572 681 1632 comitatur,
706 1579 802 1644 quum
823 1557 924 1620 lilium
946 1559 979 1620 in
1002 1578 1053 1619 ea·
1072 1565 1213 1638 tigranis.

52 1578 128 1700 dem
155 1639 287 1702 fortuna
314 1639 540 1726 conspiceret,
571 1640 716 1702 diadema
747 1642 845 1724 capiti
875 1640 1056 1704 detractum

52 1723 206 1804 porrexit
227 1722 415 1794 lacrimans,
438 1722 524 1802 jullit
548 1741 589 1784 ue
612 1723 691 1794 alia,
715 1745 776 1806 qua
795 1721 982 1794 videretur,
1004 1721 1057 1782 via

55 1803 198 1873 salutem
216 1824 385 1887 quaerere.
427 1743 645 1876 Adoledcens,
669 1805 711 1864 im
738 1826 839 1867 onere
859 1805 922 1866 eibi
943 1804 1056 1864 tiaram
1185 1846 1189 1876 ,

51 1907 121 1946 non
141 1885 252 1957 ausus,
277 1885 471 1948 servandum
494 1887 550 1947 uni
570 1899 610 1948 ex
630 1829 788 1950 lidillimis
809 1887 910 1950 dedit.
940 1899 1056 1968 atque,
1214 1894 1216 1905 '

53 1987 96 2028 eo
118 1981 233 2050 capto,
266 1967 413 2030 diadema
435 1988 565 2064 quoque
588 1989 660 2032 oum
684 1967 945 2056 dependentibus
965 1965 1057 2033 vittia

50 2049 210 2134 pervenit
232 2049 265 2110 iu
284 2048 472 2134 potestatem
494 2051 642 2114 victoris.
815 2091 828 2121 s

116 2184 233 2244 XLIX.
255 2183 437 2264 Pugnatum
454 2182 499 2246 eli
515 2182 624 2267 pridie
642 2201 744 2246 nonas
754 2179 929 2255 Octobres,
946 2199 1056 2264 quam·
1077 2201 1253 2276 pamm

49 2265 106 2328 vis
125 2265 183 2326 illa
200 2264 290 2337 dies,
321 2264 363 2326 ob
383 2264 507 2328 cladem
529 2265 704 2350 Caepionis
725 2262 939 2335 Cimbricam,
970 2261 1093 2328 interce
1112 2275 1145 2328 do
1161 2275 1248 2329 cudt-

47 2361 143 2410 atrae
159 2347 346 2409 haberetur.
379 2345 446 2410 Sed
460 2349 616 2410 Lucullus
634 2347 668 2408 id
685 2343 889 2408 submonenti
904 2343 1055 2427 cuipiam,
1068 2355 1138 2427 ctum
1146 2342 1249 2399 lucut-

46 2452 90 2490 εκ
110 2431 353 2509 tetraphororum,
378 2429 563 2514 respondit,
586 2429 747 2501 carrdidamr
783 2427 882 2511 idque
910 2446 983 2488 cum
1007 2425 1056 2487 in·
1069 2415 1106 2470 ¹¹·

46 2512 151 2596 genti
171 2533 228 2574 aua
243 2511 348 2597 gloria
363 2510 530 2598 praeliitit.
572 2516 750 2596 Numquam
771 2522 860 2570 tanto
879 2507 1058 2570 inferiores

44 2615 195 2656 numero
210 2593 347 2656 Romani
363 2612 407 2678 pu
432 2607 595 2656 neverant.
619 2614 681 2656 nec
697 2592 784 2654 enim
800 2589 986 2653 vicesimam
998 2587 1059 2650 ho-

44 2675 150 2738 stium
170 2690 295 2762 partem
313 2615 442 2738 tuendi
462 2676 626 2739 exercitus
645 2671 851 2756 adaequabat.
893 2669 960 2732 Sed
974 2667 1060 2752 apud

44 2759 185 2842 peritos
202 2755 361 2835 bellihoo
379 2757 495 2830 cummi
514 2757 607 2819 ducis
625 2765 848 2839 argumentum
867 2751 1058 2822 habebatur,

44 2840 149 2924 quod
172 2839 296 2902 duabus
320 2839 545 2902 diversillimic
571 2839 695 2900 ortibus
718 2833 954 2899 celeberrimos
975 2831 1059 2894 duoa

42 2921 174 2984 aetatis
193 2922 263 3002 ejus
279 2941 394 3006 reges,
417 2919 639 2986 Mithridatem
654 2916 803 3004 fregillet
819 2935 920 2991 mora,
942 2913 1060 3000 Tigra·
1093 2923 1095 2926 ’
1190 2917 1197 2928 ’

42 3024 134 3067 nem
155 3004 324 3068 celeritate
345 3003 537 3068 obtrivill'et·
880 3015 888 3032 ·

119 3139 161 3200 t..
184 3137 294 3220 Atque
313 3155 369 3198 rea
384 3149 448 3198 tam
465 3135 642 3220 improvisa
658 3132 755 3196 etiam
768 3129 991 3194 Mithridatem
1008 3127 1059 3190 le·
1086 3128 1237 3206 quq-effla,

36 3220 207 3292 fenerat,
240 3219 312 3302 qui,
343 3219 512 3280 Lucullum
537 3217 648 3300 priore
667 3213 747 3276 belli
771 3211 910 3297 gerendi
931 3211 1058 3274 ratione
1072 3221 1248 3288 aasrtgramm

33 3303 189 3364 usurum
211 3311 321 3375 ratur,
342 3321 408 3361 non
429 3311 645 3362 maturaverat
665 3296 705 3358 ad
723 3296 900 3379 Tigranem
922 3292 1057 3368 aecede-
1070 3289 1237 3345 consulatur.

30 3405 103 3448 re.
152 3383 317 3448 Tendenti
344 3381 385 3443 ad
407 3382 499 3444 illum
524 3391 741 3442 occurrerunt
763 3379 798 3438 in
822 3377 944 3440 itinere
965 3374 1060 3458 pauci
1165 3437 1167 3440 ,
1207 3451 1211 3458 ¹

26 3467 212 3554 primum,
234 3463 355 3534 deinde
374 3464 487 3548 pluras
503 3461 719 3556 profugorum
737 3479 777 3521 ex
820 3457 937 3520 roelio.
958 3456 1057 3529 unde,
1171 3465 1173 3468 ’

29 3547 195 3629 cognito
213 3545 254 3606 Ti
279 3547 367 3608 ranis
386 3545 476 3617 casu,
498 3542 674 3628 requisivit
692 3561 767 3604 eum
807 3541 978 3622 iligentert
1000 3558 1059 3600 ne·
1144 3579 1147 3584 -

27 3649 123 3718 que
156 3567 304 3691 reddidit
329 3625 559 3698 contumeliae,
593 3623 670 3697 aed,
702 3643 743 3686 ex
767 3643 854 3706 equo
881 3618 1058 3692 desiliens,

23 3711 180 3777 vestem
199 3712 231 3773 ei
248 3709 390 3793 regiam,
413 3707 497 3772 baud
512 3707 718 3776 inferiorem,
740 3723 835 3786 quam
852 3701 974 3786 gestare
991 3715 1062 3764 erat

22 3794 199 3868 solitus,
223 3793 340 3879 auique
358 3791 529 3855 comitatus
544 3803 672 3876 partem
688 3785 779 3851 dedit
786 3807 796 3868 3
817 3786 970 3876 bonoque
989 3783 1059 3848 ani·

21 3929 387 3954 W*

71 4007 170 4076 Gap.
184 4002 304 4058 xuvtt.
329 4001 406 4058 Plut.
442 4001 516 4074 Cap.
537 4001 668 4056 xcvttt.
692 3999 780 4054 Oros.
797 3997 832 4060 6,
850 3992 877 4050 6.
889 4034 893 4043 .
905 3993 1057 4074 Memnon·

19 4079 136 4136 Plut.
151 4069 295 4144 xiphilin.
322 4072 395 4144 Gap,
407 4071 504 4130 xllx.
522 4071 599 4130 Plut.
616 4067 763 4148 Apophth.
775 4067 860 4126 Rom.
870 4057 1058 4123 etmlaueull·

20 4151 133 4222 Cap.
150 4143 183 4200 t.
204 4143 357 4202 hlemnou,
