2734 4688
259 276 308 340 an
328 273 480 339 uocuu
499 277 581 338 um.
605 277 718 372 xcix.
742 279 855 345 omn.
987 280 1048 359 sua
1088 305 1093 312 ·

589 413 1043 438 ..ι-Ἥ

121 485 232 550 XLVI.
261 485 364 568 Igitur
383 487 422 546 L.
438 485 613 562 Lucullus,
642 507 740 570 quum
757 492 802 546 e'x
817 486 937 550 urbana
952 509 1047 574 prae·
1076 491 1113 551 ll.
1132 491 1234 549 ceti.

65 575 131 626 tura
149 565 330 628 Sardiniam
350 568 428 638 elfet
446 569 600 640 sortitus,
630 568 679 630 irc
704 571 739 630 in
764 569 964 652 provinciam
988 592 1048 634 no·
1067 563 1113 619 Ἀ·
1131 563 1231 643 0·.⁶7·‚

64 646 138 720 luit,
167 663 343 733 propterca
371 649 458 734 quod
480 651 672 748 participem
694 671 731 713 ae
749 648 886 734 negabat
905 652 1048 714 futurum
1078 633 1229 716 hlautis

65 726 231 804 infamiae,
261 747 322 826 qua
346 731 414 828 :pm
436 729 479 794 ob
504 733 669 794 avaritiam
692 745 725 794 et
744 731 877 830 rapinae
897 713 1242 842 plepiquaffn'gssqusrs.

64 813 1051 980 litttttttttttttll:li‘tl‘gttr‚ittfttttlt

65 991 116 1034 sna
134 975 254 1038 clarum
273 976 498 1040 documentum
518 977 674 1040 ediderat.
716 975 823 1073 Quum
837 979 923 1040 enim
940 981 1052 1042 sellam
1071 995 1076 1016 ⁸

66 1054 132 1134 ejus
151 1058 316 1142 confringi
337 1061 450 1124 consul
466 1059 593 1122 Acilius
609 1057 757 1137 instillet,
778 1060 832 1121 cui
850 1059 939 1123 forte
956 1079 1051 1144 prae·

66 1141 202 1201 tercunti
220 1161 286 1204 uon
302 1141 543 1216 adsurrexerat,
563 1140 647 1202 nihil
662 1154 841 1203 commotus
859 1139 920 1216 efl,
944 1155 978 1204 et
992 1141 1050 1204 de·

65 1217 136 1281 inde
153 1219 234 1284 flans
251 1223 301 1302 jus
316 1221 413 1286 dixit:
435 1221 587 1307 idemque
604 1223 707 1286 ceteri
723 1237 893 1308 praetores
912 1237 947 1286 ut
961 1223 1049 1290 fecc-

64 1314 152 1372 rent,
177 1301 296 1366 honori
317 1304 386 1388 ejus
406 1303 601 1367 tribuerunt.

120 1407 247 1474 XLVII.
278 1413 366 1473 lnter
386 1407 518 1474 haecin
536 1411 632 1472 Creta
651 1407 692 1504 Q.
708 1407 859 1472 Metellus
880 1429 951 1472 cum
968 1411 1047 1474 Cre-
1075 1409 1203 1469 Metellus

63 1489 204 1553 tensibus
221 1491 316 1554 simul
332 1491 512 1578 piratisque
532 1491 724 1554 dimicabat:
745 1491 806 1635 ¹qui
828 1484 1196 1607 opprefl'erantgo'l'm‘t
1267 1527 1270 1537 ·

63 1585 183 1654 partem
201 1573 343 1648 insulae,
365 1573 562 1658 alteramque
584 1593 624 1636 ex
644 1595 682 1636 ea
699 1593 742 1658 po
785 1574 933 1636 Ciliciam
949 1575 1049 1637 latro·
1093 1563 1161 1609 '⁸⁸'

63 1653 220 1716 ciniorum
241 1675 349 1718 arcem
368 1654 534 1728 fecerant,
562 1655 712 1739 pluribus
736 1675 772 1718 ea
792 1655 894 1720 causs'a
914 1653 1050 1720 oaflellis
1127 1710 1130 1721 ,

63 1754 121 1816 per
140 1734 276 1798 insulam
297 1735 474 1801 exstructis.
516 1739 563 1798 Ea
588 1759 685 1821 quum
703 1739 867 1799 Romanus
887 1755 1051 1834 expugna-

64 1829 131 1888 ret,
154 1817 198 1878 ite
216 1829 332 1895 severe
352 1820 387 1880 in
405 1817 551 1902 captivos
569 1818 855 1890 animadverterat,
876 1833 912 1880 ut
927 1820 1050 1904 reliqui

64 1897 176 1980 partim
201 1917 388 1965 venenose
413 1893 628 1974 conficerent,
660 1900 811 1985 plerique
829 1899 921 1985 prius
943 1902 1051 1964 omnia
1172 1910 1173 1914 ’

63 1967 192 2042 mallent
211 1982 375 2066 experiri,
408 2001 502 2066 quam
525 1996 558 2048 ut
581 1983 631 2044 illi
657 2003 693 2043 se
714 1981 890 2046 traderent.
932 1986 1051 2045 Τοπικ-

63 2079 123 2142 que
139 2061 342 2126 Cretensium
369 2084 410 2128 eo
435 2061 524 2125 bello
546 2063 730 2150 pervicacia
748 2063 905 2136 traditur,
936 2077 971 2126 ut
990 2063 1051 2128 ob·

65 2141 155 2216 uelli,
186 2165 283 2228 quum
309 2145 365 2208 mi
392 2144 623 2228 fatigarentur,
653 2165 742 2208 auam
769 2145 1051 2230 jumentorumque

64 2243 193 2286 suorum
212 2226 336 2288 urinam
348 2227 518 2305 biberent:
539 2225 644 2290 donec
658 2247 675 2288 a
689 2227 846 2310 Pompeio
863 2225 1069 2310 acciperent·

63 2303 267 2388 responsum,
291 2305 331 2370 ad
345 2329 457 2392 quem,
480 2307 586 2372 audita
601 2307 666 2372 viri
681 2307 934 2380 mansuetudine,
955 2306 1051 2370 mise·

63 2399 134 2446 rant
151 2401 317 2464 oratores,
345 2391 381 2452 iu
396 2386 582 2474 Pamphylia
602 2403 670 2452 tum
690 2403 850 2473 agentem.
890 2391 967 2463 Ille,
991 2389 1051 2452 ob·

62 2466 190 2531 :idibus
213 2470 399 2554 imperatis,
428 2493 526 2548 unum
551 2492 591 2534 eu
610 2471 727 2555 legatis
746 2471 784 2534 L.
800 2471 970 2536 Octavium
989 2469 1051 2532 rni-

64 2549 122 2620 sit,
156 2549 212 2634 qui
231 2571 288 2614 coa
309 2553 343 2614 in
362 2552 562 2618 deditionem
579 2553 760 2636 acciperet;
790 2553 987 2638 acripsitque
1008 2551 1051 2614 ad

63 2630 230 2706 civitates,
252 2655 286 2706 ne
303 2635 376 2696 dicte
395 2637 534 2696 audientes
548 2635 667 2696 Metdlo
686 2633 778 2716 dfert.

119 2737 264 2802 xcvm.
285 2737 358 2802 Hoc
382 2737 530 2804 infestior
545 2737 695 2804 Metellus
721 2760 786 2801 non
811 2735 892 2801 alios
916 2753 1048 2816 tantum,
1076 2746 1230 2824 mpetum

65 2816 121 2880 sed
139 2821 236 2882 etiam
254 2820 445 2905 quibuscum
464 2837 555 2886 antea
573 2816 680 2883 fuerat
698 2833 826 2903 pactus,
857 2833 908 2894 nt,
939 2817 1229 2906 prius-llltttttt'tt'·
1314 2829 1318 2860 ¹

66 2921 159 2982 quam
175 2901 290 2964 veitice
307 2901 480 2988 Pompeius
498 2903 618 2988 pollet,
647 2903 794 2984 exigeret
812 2901 851 2965 ab
869 2902 910 2965 iis
927 2898 1224 2987 poenas'”'‘''⁸!⁶'·

64 2985 278 3046 contumeliae
297 3003 391 3060 suae,
413 2997 631 3069 persequutus
650 2981 703 3045 eli.
730 2987 797 3046 Nee
816 2983 971 3046 Octavius
992 2957 1114 3048 obsu'

66 3061 205 3138 sistebat,
227 3065 373 3140 inermis,
396 3079 430 3130 et
445 3086 510 3128 non
523 3065 563 3127 ad
579 3065 761 3128 bellandum
775 3065 900 3126 millus:
923 3081 955 3128 ct
970 3071 1050 3130 Cor·

65 3145 169 3206 nelius
191 3146 346 3220 Sisenna,
374 3167 468 3232 qoem
482 3145 655 3230 Pompeius
674 3147 811 3224 Achaiae
830 3146 1050 3230 praefecerat,

66 3240 203 3288 venerat
221 3227 250 3289 is
269 3225 400 3312 quidem
418 3228 612 3302 meretum,
635 3243 755 3292 etcum
770 3229 919 3303 Metello,
943 3243 976 3292 ut
991 3249 1051 3314 po-
1186 3223 1201 3288 l

63 3307 132 3400 puli
150 3311 289 3370 Romani
308 3305 465 3373 dedititiis
483 3323 649 3393 parceret,
673 3324 800 3394 egerat:
828 3309 896 3384 scd,
917 3323 1050 3396 praeter

65 3387 248 3452 inefficacia
265 3390 382 3464 verba,
405 3391 486 3454 nihil
504 3404 574 3453 erat
593 3391 631 3453 ab
651 3411 691 3454 eo
708 3405 872 3455 tentatum.

123 3495 240 3558 xcix.
262 3498 395 3560 Interim
412 3497 564 3560 Metellus
581 3497 787 3560 Eleutherum
805 3496 919 3559 urbem
935 3497 1047 3580 prodi·
1074 3497 1242 3554 traam·
1299 3565 1302 3576 ,

63 3589 170 3648 torum
198 3597 298 3661 opera
321 3581 426 3665 cepit,
455 3580 512 3678 qui
529 3575 734 3642 firmill'tmam
754 3599 793 3642 cx
810 3579 964 3640 lateribus
980 3593 1048 3641 tur·
1060 3577 1085 3620 θ’
1101 3567 1219 3650 ΨΜ

62 3657 141 3730 rim,
172 3673 211 3721 ut
228 3658 356 3724 facilius
376 3661 470 3724 arieti
489 3660 639 3734 cederet,
670 3661 832 3722 continuis
852 3661 975 3743 aliquot
991 3647 1147 3734 no·‘'!‚⁸⁸·

62 3741 170 3804 ctibus
189 3757 282 3806 aceto
294 3743 515 3829 perfuderant.
552 3743 693 3807 Pecunia
711 3743 764 3804 hic
782 3743 946 3826 imperata,
966 3744 1050 3828 Lap-
1105 3819 1107 3831 ,

96 3955 172 4028 Cap.
187 3947 292 4010 xtvt.
309 3953 377 4010 nto.
413 3955 454 4011 (la
476 3955 607 4013 .xtv11.
625 3954 702 4012 Plut.
719 3955 822 4028 Pomp.
841 3952 958 4017 Strabo,
974 3951 995 4006 1.
1007 3969 1049 4007 io.

62 4041 91 4094 P·
104 4029 169 4094 477·
188 4023 274 4079 Fim'·
286 4024 313 4087 32
327 4041 354 4089 7·
375 4025 440 4080 Val.
488 4041 531 4080 aa.
549 4045 577 4093 7,
592 4029 620 4083 e.
649 4023 782 4097 Appian.
799 4022 876 4148 apud
893 4019 975 4075 Fulv.
994 4019 1049 4074 Ur.

63 4093 118 4146 siu.
140 4091 207 4150 Cic.
224 4109 281 4169 pro
295 4093 371 4168 Lege
386 4093 487 4172 litanil.
506 4109 532 4148 e·
550 4113 593 4162 aa.
634 4094 707 4167 Cap.
724 4093 814 4151 xtvl
829 4095 852 4148 l.
871 4091 949 4146 Plut.
967 4089 1050 4145 Flor-

63 4161 131 4220 Dio.
