2734 4688
627 127 634 161 Ι

267 275 309 338 ltt
331 273 481 340 LOCUM
501 277 583 338 LIB.
602 275 745 343 XCVIII.
763 277 877 341 LIVII.
1007 279 1070 355 boi

72 476 333 539 existimabantur
351 481 472 542 renilIe
483 502 492 558 ;
523 481 629 542 omnia
653 481 735 566 apud
751 483 915 546 »barbaros
938 487 1068 548 audacia
1100 485 1133 543 o.
1150 501 1177 538 c·
1191 483 1256 543 683·

71 557 236 640 minisque
253 559 428 642 personare
444 575 640 644 coeperunt3
662 583 770 645 neque
787 567 819 624 in
837 567 997 628 conviviis
1015 589 1068 629 re·
1100 555 1135 611 Δ·
1153 557 1187 612 C·
1202 558 1247 624 ⁶9·

71 639 144 722 gis,
177 660 284 722 neque
310 641 343 700 in
366 641 521 714 consilio,
554 643 627 703 aliis
649 657 718 705 erat
738 645 943 708 sermonibus
963 648 1066 711 Iocus.

72 721 223 794 Taxilae,
256 721 331 805 quia
350 735 414 782 tunt
437 743 567 816 quoque
587 745 725 808 pugnarn
747 727 880 822 oblique
897 727 1069 792 ‘dissuade-

71 801 144 873 bat,
168 805 202 862 in
220 803 401 886 periculum
421 817 506 865 ratae
525 803 683 868 adductus
702 805 763 868 eil:
786 807 992 870 Mithridates
1008 831 1068 896 pro

71 885 200 944 aemulo
224 883 409 962 traductus,
437 886 493 968 qui
513 900 629 946 tantam
651 889 787 970 gloriam
807 911 924 952 socero
939 893 1069 954 invide-

69 979 132 1026 ret.
177 966 301 1047 Igitur,
324 985 388 1025 non
409 981 595 1050 exspectato
616 967 683 1038 illo,
709 991 749 1032 ne
768 973 896 1033 veniret
915 975 949 1033 in
964 975 1069 1036 victo·
1167 993 1170 1002 ’

70 1047 141 1108 riae
166 1047 374 1119 societatem,
406 1050 566 1146 'l'igranes
593 1063 662 1110 toto
684 1070 756 1116 cum
778 1056 924 1115 exercitu
947 1057 1067 1130 movit,

70 1129 154 1190 nibil
173 1149 277 1214 aeque
297 1129 382 1214 apud
401 1151 533 1204 amicos,
555 1145 590 1193 ut
608 1129 788 1206 ferebatur,
811 1133 950 1218 questos,
975 1157 1070 1220 quam

68 1213 141 1292 qaod
164 1233 224 1270 curn
244 1231 296 1270 utto
317 1230 424 1270 tontum
440 1212 573 1288 Lucullo,
603 1231 634 1272 oc
652 1233 705 1274 aori
715 1213 799 1294 flmul
815 1217 936 1278 omatibus
952 1217 1070 1280 Rotuaai

65 1292 162 1373 populi
180 1291 310 1365 ducibus,
333 1293 470 1355 dimicatio
487 1293 611 1372 instaret.
795 1305 797 1313 '

128 1427 227 1487 XLll.
249 1425 291 1485 Et
312 1439 404 1487 erant
424 1425 598 1496 caerites,
624 1445 706 1509 quae
726 1423 1067 1497 modestiorem‘etiam
1100 1443 1228 1514 ugano

68 1508 211 1569 animum
231 1505 352 1568 ollerre
397 1508 557 1569 otuillent.
587 1505 772 1570 funditores
793 1521 825 1568 et
844 1511 1002 1592 sagittarii
1017 1511 1065 1573 vi·
1079 1517 1179 1585 coplae·

68 1589 152 1672 ginti
180 1589 281 1650 millia
312 1532 538 1672 expleverant3
578 1609 595 1649 e
622 1589 706 1650 uites
736 1590 836 1650 millia
867 1594 1010 1676 quinque
1038 1607 1071 1656 et

69 1671 326 1754 qninquaginta:
349 1691 486 1754 quorum
507 1671 559 1747 (ut
576 1609 619 1732 ad
632 1681 779 1732 'senatum
799 1671 933 1756 scripsit
950 1676 1069 1736 Lucul-
1143 1739 1146 1746 ξ
1204 1663 1218 1726 ι’

67 1753 136 1832 lus)
158 1751 392 1836 septemdecim
410 1751 510 1812 millia
528 1751 725 1836 cataphracti
747 1767 849 1824 erant,
873 1754 983 1818 ferrea
1001 1745 1069 1817 bm-

67 1836 101 1895 ni
122 1835 249 1918 specie.
282 1835 343 1894 llis
366 1834 474 1917 gravis
493 1847 673 1894 armaturae
689 1835 810 1896 milites
830 1849 957 1897 centum
974 1841 1068 1922 quin.

68 1917 222 2000 quaginta
242 1915 568 1978 millia'accell'erant.
592 1915 738 1976 calonum
758 1937 888 1998 quoque
912 1933 944 1978 et
963 1921 1068 1980 aniani-

67 2013 196 2071 torum,
228 1997 267 2058 ad
296 1995 650 2081 pontesllcrnendos,
685 1997 945 2080 medendumque
967 1999 1078 2062 arate-¹

67 2081 170 2150 riom,
201 2095 233 2144 et
252 2079 375 2142 similes
393 2079 486 2152 ulus,
515 2077 647 2160 triginta
669 2078 931 2173 quinquemillia
950 2103 1067 2166 seque-

66 2161 197 2226 bantur.
247 2161 320 2223 Hoc
347 2174 467 2222 tanturn
495 2180 609 2242 agmen
638 2158 695 2220 ubr
720 2181 879 2242 primum,
914 2177 1067 2246 superato

68 2247 200 2317 Tauro,
232 2241 676 2326 conl'picia'l'igranocertis
694 2241 818 2324 potuit,
849 2241 995 2318 obsessi,
1027 2264 1068 2306 ex

66 2338 158 2386 metu
180 2325 214 2386 in
238 2323 402 2388 audaciam
424 2325 533 2397 versi,
561 2323 725 2385 Romanos
748 2322 917 2407 respicere
938 2325 1087 2390 minin..

65 2405 170 2468 bundi
188 2405 358 2505 jubebant.x
596 2424 598 2433 ·
1079 2439 1082 2446 ·
1111 2407 1113 2414 ’

126 2543 245 2603 XLIII.
274 2539 316 2601 At
338 2539 372 2600 in
391 2535 566 2621 principiis
584 2531 738 2596 Romanis
765 2534 913 2598 diversae
935 2549 1066 2597 senten-

64 2627 130 2686 tiae
158 2623 368 2685 dicebantur:
402 2617 594 2702 quibnsdam
616 2616 852 2678 occurrendum
874 2617 968 2699 regi,
990 2617 1065 2680 aliis

64 2729 132 2768 non
160 2706 225 2768 elle
252 2699 462 2768 deserendam
484 2697 689 2759 ohsidionem
712 2697 958 2782 affirmantibus.
1000 2699 1065 2756 Lu·
1095 2713 1210 2774 lmm

65 2789 193 2862 callus,
223 2799 381 2874 utrosque
400 2795 490 2844 recte
509 2780 667 2842 censuille
687 2775 820 2850 dicens,
852 2791 884 2841 ct
909 2787 1179 2858 neut.1·os,capiar.

63 2869 182 2931 divisit
201 2869 328 2954 copias,
359 2865 559 2945 Murenaque
585 2881 656 2923 cum
680 2881 737 2923 sex
754 2860 901 2944 peditum
920 2859 1064 2922 millibus

63 2955 97 3012 in
116 2949 230 3021 cailris
245 2949 381 3020 relicto,
405 2958 544 3028 quatuor
561 2957 593 3006 et
611 2943 729 3027 viginti
746 2942 918 3014 cohortes,
942 2942 975 3003 in
992 2943 1064 3024 qui·

62 3034 127 3094 bus
145 3031 233 3094 haud
252 3043 345 3093 erant
362 3027 498 3173 amplius
517 3025 628 3089 decern
646 3039 841 3088 armatorum
858 3023 969 3096 millia,
991 3043 1065 3086 cum

62 3115 156 3178 omni
174 3115 337 3198 equitatu,
367 3123 400 3173 et
431 3107 618 3173 unditorum
637 3105 877 3194 sagittariorum
895 3106 985 3196 anille
1004 3105 1064 3168 du-

62 3199 109 3261 cit
128 3197 166 3258 in
181 3194 371 3258 Armenios.
938 3259 941 3267 .
1110 3239 1119 3276 ⁸

122 3317 240 3382 XLIV.
262 3317 331 3388 illi,
354 3313 478 3400 patenti
506 3313 538 3374 in
556 3315 679 3396 'campo
707 3310 794 3392 juxta
819 3307 939 3374 llumen
965 3308 1074 3399 castra.

56 3397 659 3482 metantem'conspIcati„contempta
680 3394 860 3478 paucitate,
882 3391 993 3454 ludum
1012 3391 1063 3472 jo.

57 3503 205 3568 cumque
219 3479 391 3542 iaciebant.
414 3497 520 3562 neque
537 3475 704 3562 quisquam
720 3489 789 3537 erat
801 3495 913 3558 regum
929 3473 1063 3536 ducum·
1130 3480 1134 3488 “

55 3587 123 3639 re,
149 3565 246 3650 quin,
270 3561 357 3626 adito
372 3561 533 3645 Tigrane,
556 3557 620 3622 sibi
639 3556 778 3618 seorsim
793 3577 933 3645 pugnam
947 3556 1061 3642 posce-

53 3663 132 3712 ret:
163 3667 247 3728 nsque
271 3649 340 3704 enim
362 3642 498 3708 attinere,
530 3661 636 3700 ratitum
654 3643 804 3698 exercitum
823 3659 878 3699 arm
896 3640 948 3698 levi
966 3654 1061 3718 operae
1086 3687 1096 3700 .

51 3735 153 3812 pretio
164 3729 299 3809 fraenari.
333 3723 448 3787 'Etiam
468 3724 627 3807 Tigranes
647 3719 773 3782 facetus
794 3721 858 3782 elie
879 3719 992 3794 voluit,
1015 3731 1058 3793 et,

53 3810 205 3897 Siquidem
223 3779 255 3870 it
270 3823 323 3888 pro
340 3806 457 3889 legatis,
481 3805 607 3890 inquit,
628 3803 745 3884 adstant,
767 3804 863 3886 oppido
881 3801 962 3863 malti
973 3801 1061 3886 satan

45 3893 93 3976 fin
115 3913 187 3954 vero
202 3907 257 3973 pro
275 3887 471 3962 bellatoribus,
493 3889 590 3969 oppida
601 3888 693 3968 pauci.
1095 3895 1099 3906 “

89 4063 263 4174 Cap.lIL1.'
289 4097 366 4152 Plut.
403 4095 476 4167 Gap.
493 4095 581 4150 xctt.
604 4092 675 4149 Sall.
696 4041 857 4164 Bilbilim.
874 4087 951 4151 rtur.
986 4089 1059 4167 cap.

49 4171 163 4260 my.
182 4166 484 4248 Appiam'Memuon.
504 4163 646 4242 xiphilin.
666 4161 743 4222 utut.
