2702 4694
289 245 353 321 osa
398 220 1133 352 manastistrinnurnroaourjn.
1148 249 1250 315 uxr.

115 459 197 519 Ure·
212 441 275 588 ⁶⁵27ss
290 461 326 526 in
348 461 447 536 cllum
468 461 558 524 volut
579 461 694 556 orbam
714 458 895 556 transitqro
914 415 1025 524 nullui
1044 478 1063 523 a
1082 475 1183 605 terqo
1200 461 1294 527 bullis

116 532 201 590 Μ·
249 565 263 586 ¹·
290 543 551 630 relinquebatur.
593 541 902 626 lgttur,'praem1llo
918 541 958 604 ad
975 545 1134 626 speculan
1161 565 1296 608 unicum

289 627 354 698 uni
381 646 465 690 nare
487 629 523 689 C.
540 626 729 696 Voluseno,
762 643 860 707 quum
886 623 1024 688 nutibus
1055 626 1139 688 duas
1166 630 1297 692 omuino

176 755 180 764 ,
289 709 441 794 legiones
461 707 682 793 imposuillet,
705 707 818 790 paucis
836 705 929 768 boris
945 707 1154 771 Britanniam
1174 712 1295 795 attigit,

289 791 439 880 peditatu
453 803 576 853 tantum
592 786 744 873 stipatus.
767 787 856 874 quod
873 790 1021 872 equites,
1044 791 1112 854 alio
1128 793 1208 856 loco
1223 813 1295 855 con·
1339 815 1340 844 ³

122 901 127 910 ·
237 937 240 944 ,
291 873 454 940 accudere
471 871 564 954 julli,
587 869 805 934 tardaverant.

131 965 264 1046 anesus
352 981 437 1046 LVl.
469 977 638 1058 Britanni,
692 993 878 1060 numquam,
907 975 1056 1040 Caesaris
1082 971 1296 1064 expeditione

106 1062 245 1131 sitifim.
291 1061 442 1147 cognita,
478 1061 604 1156 legatos
623 1057 657 1122 in
705 1059 812 1120 alliam
832 1057 1007 1132 miserant,
1039 1061 1242 1148 obsequium
1268 1079 1296 1126 ot

291 1143 428 1208 obsides
446 1142 611 1228 polliciti3
640 1149 748 1204 tamen
769 1139 964 1226 irequesner
984 1145 1099 1206 armati
1120 1143 1164 1206 ed
1185 1145 1294 1230 probi·

289 1225 436 1290 bendum
460 1245 622 1287 exscensu
642 1223 779 1284 militem
802 1223 1075 1307 opperiebantur:
1109 1239 1146 1289 et
1166 1228 1235 1290 loci
1252 1228 1293 1289 si·-

291 1323 345 1374 tus
366 1309 424 1370 ille
442 1321 531 1381 erat,
562 1320 597 1368 ut
616 1303 747 1390 angusto
765 1303 999 1369 intermontes
1019 1307 1111 1371 aditu
1128 1309 1199 1370 tela
1220 1311 1294 1371 utri-

190 1437 191 1442 η
290 1409 411 1489 umque
434 1389 534 1470 adjici
554 1389 588 1450 in
610 1387 833 1530 eqredieutem
855 1389 992 1472 pollent.
1034 1391 1144 1474 igitur
1163 1391 1205 1452 ad
1225 1405 1296 1454 octo

291 1475 395 1537 millia
418 1467 563 1558 palluum
592 1471 625 1532 in
651 1487 669 1532 e
693 1471 770 1532 litus
794 1469 924 1554 planum
949 1483 1168 1558 apertumque
1192 1475 1296 1558 petiit.

291 1557 343 1620 Eo
368 1573 500 1641 quoque
531 1554 605 1615 loco
631 1552 864 1614 Britannorum
882 1552 1053 1636 equitatus
1083 1569 1117 1616 ct
1143 1555 1299 1618 ess'edarii

292 1655 368 1700 teo
393 1649 587 1720 posuerunt.
629 1634 872 1698 Effedariorum
893 1657 936 1721 pu
961 1634 1058 1696 nandi
1078 1637 1299 1702 ratio.l'erme
1341 1649 1342 1674 ¹

250 1753 257 1768 .
292 1661 410 1784 simiiis
431 1717 495 1780 luit
516 1717 566 1790 ei,
599 1737 682 1801 quae
698 1717 909 1860 temporibus
960 1717 1084 1780 erolcis
1106 1719 1198 1804 ap'ud
1220 1727 1299 1806 pqo'.

290 1815 340 1866 tas
359 1799 571 1863 adscribitur.
614 1798 721 1884 Quum
741 1817 759 1861 e
788 1811 821 1861 et
839 1799 895 1860 diu
913 1811 1093 1874 certatum,
1114 1803 1298 1876 Romanos,

291 1901 483 1968 quamquam
501 1881 675 1968 iniquitate
691 1881 758 1942 loci
778 1895 810 1943 et
827 1901 914 1944 novo
932 1901 1055 1968 genere
1074 1901 1213 1968 pugnae
1233 1898 1299 1946 tur·

290 1965 471 2036 babantur,
492 1965 547 2026 lon
572 1981 610 2024 ae
627 1983 749 2037 nares,
772 1977 806 2027 et
825 1963 934 2027 emilia
953 1963 1031 2028 inde
1051 1965 1236 2030 tormentis
1253 1981 1298 2030 te·

291 2049 341 2123 la,
363 2047 507 2112 victores
530 1983 722 2142 eiecerunt.

85 2187 87 2194 ⁴
130 2176 265 2240 summ
354 2153 454 2222 nvn.
476 2151 637 2226 Britanni,
660 2145 764 2236 magia
780 2163 923 2228 terrore,
945 2171 1039 2239 quam
1055 2149 1193 2227 damno,
1211 2173 1300 2220 cam·

104 2253 215 2306 mittut
229 2249 268 2303 le·
292 2237 399 2323 pulsi,
424 2233 512 2320 quod
531 2235 676 2320 equitatu
692 2231 859 2298 destitutus
876 2237 994 2320 Caesar
1011 2237 1148 2324 insequi
1166 2237 1299 2322 fugien-

103 2332 193 2392 μίσει
293 2335 344 2384 tes
363 2315 573 2404 nequiverat,
596 2317 722 2400 lagatos
738 2315 909 2379 miserunt.
952 2319 1031 2382 Cum
1045 2315 1100 2382 bis
1115 2334 1151 2384 et
1164 2321 1298 2384 Comius

292 2401 434 2468 Atrebas
455 2399 564 2470 venit,
588 2419 703 2483 quem,
726 2421 744 2460 u
761 2399 901 2462 Caesare
920 2401 1149 2484 proemillum,
1174 2415 1212 2466 ut
1227 2403 1299 2466 Bri·

291 2496 408 2548 tanuos
431 2479 472 2543 ad
497 2481 670 2544 amicitiam
687 2477 802 2566 populi
819 2481 957 2544 Romani
973 2481 1237 2558 cohortaretur,
1265 2497 1296 2546 et
1343 2497 1344 2518 l

292 2565 332 2628 ab
351 2585 387 2627 ae
405 2563 696 2648 comprehensum,
726 2559 795 2645 post
814 2563 928 2626 infelix
945 2567 1113 2662 proelium
1131 2566 1297 2630 liberate·

292 2661 376 2712 rant.
419 2649 540 2710 Caesar
558 2646 625 2708 leni
645 2643 793 2706 oratioue
813 2643 991 2731 cussigatrs,
1014 2649 1088 2746 quod
1108 2667 1207 2746 pacem
1225 2649 1300 2712 ultro

202 2769 204 2774 .
311 2735 407 2791 ericum
423 2727 493 2790 bello
509 2747 563 2788 noa
581 2725 725 2806 aeceffirt'o
742 2725 927 2808 mutaciffens,
950 2727 1085 2792 obsides
1106 2733 1301 2816 imperarit.

289 2747 413 2898 bisque
429 2809 596 2882 adductis,
629 2807 662 2869 in
684 2805 804 2870 faciem
824 2811 984 2874 amicitiae
1003 2813 1138 2898 quietae
1160 2835 1219 2876 res
1238 2813 1302 2884 effe

293 2907 491 2979 coeperunt,
514 2891 760 2976 haudquaquam
781 2889 886 2954 solida
904 2907 958 2957 aut
977 2891 1133 2958 diuturna
1155 2893 1239 2959 fide.

123 3025 283 3084 nuum,
355 3001 470 3068 LVlll.
492 3003 573 3063 Nam
590 2997 648 3060 ubi
665 2997 853 3084 tempestate
871 2995 1026 3082 disjectae
1041 3021 1159 3077 naves,
1179 3001 1302 3088 quibm

102 3096 177 3156 tant.
293 3083 424 3168 equites
446 3096 539 3145 erant
561 3081 726 3164 impositi,
757 3081 958 3144 Britanniam
986 3095 1105 3148 tenere
1137 3087 1304 3170 nequire·

291 3180 385 3244 runt;
407 3183 574 3248 naresque
586 3162 747 3237 Caesaris,
769 3163 892 3248 ignotis
909 3161 992 3227 locis
1007 3167 1045 3228 ad
1061 3187 1208 3230 ancoras
1221 3167 1303 3230 llan-

289 3262 362 3321 tes,
395 3247 509 3310 eadem
533 3242 703 3329 tempestas
729 3245 913 3330 confregit,
946 3261 1000 3310 aut
1017 3249 1058 3310 ud
1075 3250 1305 3335 navigandum

288 3329 436 3392 reddidit
454 3327 609 3405 inutiles3
640 3335 735 3390 coire
752 3327 940 3412 Britannis,
971 3331 1114 3396 miscere
1135 3334 1303 3402 consilia,

288 3409 452 3499 postremo
471 3429 640 3474 resumere
657 3431 745 3472 arma
758 3409 892 3495 placuit,
916 3409 1004 3510 quod
1020 3413 1211 3478 exercitum
1229 3419 1304 3478 siue

289 3509 491 3566 commeatu,
523 3494 595 3556 sine
616 3493 772 3568 naribus,
804 3493 838 3554 in
859 3491 966 3556 boilsli
988 3495 1060 3558 solo
1080 3495 1204 3581 iniquo
1226 3497 1302 3562 unni

283 3590 440 3662 ,tempore
458 3573 700 3660 deprehensum
717 3573 815 3638 facile
832 3589 1045 3660 superaturos
1066 3599 1103 3641 ae
1122 3577 1304 3662 putabant:

239 3699 242 3707 ·
287 3657 514 3742 victoriaeque
541 3657 721 3741 praemium
749 3678 814 3721 non
843 3659 928 3720 intra
976 3661 1143 3723 raesentia
1174 3673 1303 3724 tanturn

289 3739 459 3809 commoda
477 3739 627 3803 [laturum
645 3740 821 3820 rebantur3
855 3739 933 3813 sed,
952 3679 1007 3804 bis
1027 3742 1151 3806 deletis
1170 3741 1302 3840 copiis.

288 3821 414 3888 nemini
436 3821 545 3909 postea
571 3821 728 3886 veniendi
753 3821 794 3884 ad
812 3825 991 3887 Britannos
1015 3825 1187 3888 audaciam
1215 3835 1301 3890 lore.

289 3907 395 3990 Igitur
415 3907 580 3991 legionem
597 3905 792 3988 septimam,
808 3925 910 3992 ‹quae
933 3905 1033 3970 missa
1058 3909 1303 3974 frumentatum

80 4001 82 4009 '
212 4051 219 4073 ,
289 3987 415 4064 suerat,
439 3989 548 4051 subito
565 3985 722 4052 maximus
740 4009 895 4060 numerus
913 3988 1072 4076 aggrelli,
1097 4005 1206 4057 totam
1221 4013 1303 4057 cou-

288 4102 628 4133 ...μ’-...μδ-

323 4179 399 4250 Gap.
415 4176 494 4238 tvt.
520 4172 641 4247 Strabo,
658 4178 729 4236 Tae.
743 4139 891 4264 Agrius.
906 4195 950 4255 ss.
968 4176 1053 4238 Gaea.
