2680 4690
304 257 366 338 sp
421 255 623 320 rnetnsn.
643 241 1274 319 sorraeuauroaoumnmxtu.

130 441 166 526 u.
183 489 210 526 r.
223 470 285 526 68¹.
303 485 343 528 co
367 465 513 527 ebantur.
566 482 625 522 uae
645 461 752 522 omnia
773 479 870 544 quum
888 457 1071 520 insatiabile
1085 457 1206 522 foenus
1221 458 1290 520 ban.

129 540 269 607 ‹iffi-7⁰·
303 549 332 610 si
360 560 412 620 et,
448 565 510 608 nec
538 483 615 604 ideo
642 542 783 626 expungi
809 540 919 602 debita
943 541 1087 624 pollent,
1122 539 1165 602 ad
1191 555 1290 604 extre·

303 649 389 692 mum
410 627 476 712 ipsi
495 623 716 690 creditoribus
739 623 773 684 in
792 621 989 692 servitutem¹
1003 621 1247 686 addicebantur.

125 785 288 840 mmm,
365 761 418 821 111.
450 754 613 819 Adversus
640 753 721 816 baec
740 749 895 814 Lucullus
921 753 1026 837 prime
1050 753 1235 826 constituit,
1255 777 1288 817 na

99 857 207 926 quiem
228 865 255 907 es
301 841 440 920 majores
462 837 651 900 centesimis
667 834 782 896 usurae
801 832 1010 896 ducerentur.
1034 835 1155 898 deinde
1174 835 1288 910 usuras

101 917 287 992 prudentiali-
325 943 383 984 uae
404 935 525 986 sortem
543 917 760 989 excederent,
791 915 985 997 amputavit,
1015 937 1079 978 non
1098 917 1138 978 ad
1155 915 1289 980 invidio·

102 993 221 1046 '‘m‘'-
301 945 367 1065 llum
388 1001 470 1064 illud
490 1015 524 1063 et
541 997 795 1062 inverecundum
817 996 952 1058 alterius
970 999 1051 1060 tanti
1069 1014 1289 1073 commentum,

299 1107 364 1169 quo
381 1103 545 1169 nupereex
556 1079 646 1144 Orco
665 1092 830 1150 revocato,
854 1091 888 1142 et
902 1078 970 1140 inte
1013 1081 1176 1144 relatione
1193 1097 1288 1154 aucto,

296 1162 553 1252 perfidiosillimi
576 1161 679 1226 seculi
699 1157 869 1256 turpitudo
892 1159 932 1222 ad
952 1101 1201 1246 cffiingoendas
1221 1161 1288 1224 idei

200 1269 203 1282 ¹
297 1263 330 1311 et
347 1245 486 1330 justitiae
509 1260 625 1308 tenues
644 1243 801 1326 reliquias
822 1241 948 1304 erudiri
965 1243 1094 1327 gaudet.
1139 1243 1208 1306 Sed
1223 1246 1287 1328 quia

296 1350 368 1402 rem
387 1349 477 1391 suam
495 1325 716 1389 creditoribus
732 1321 850 1385 salvam
864 1322 1051 1406 praeliabat,
1074 1323 1204 1410 jamque
1220 1347 1286 1410 pra·

294 1409 442 1482 viderat,
475 1421 511 1470 ut
535 1405 707 1490 expensam
731 1404 902 1487 pecuniam
923 1405 1018 1469 brevi
1040 1422 1284 1492 recuperarent,

295 1505 359 1554 tam
400 1491 531 1552 ratibus
550 1488 657 1552 ulitris
675 1485 814 1548 ulterius
830 1489 999 1570 aggravari
1038 1489 1287 1551 rovinciaannon

293 1513 487 1656 patielratur.
529 1569 672 1663 Quippe,
695 1565 783 1712 quod
801 1568 986 1656 longe'util'
1018 1591 1116 1632 rmum
1135 1573 1287 1655 apparuit,

294 1653 494 1716 creditorem
516 1653 551 1712 iu
572 1651 657 1717 bona
681 1669 701 1711 o
725 1648 827 1710 aerati
845 1648 1000 1714 hactenus
1018 1651 1127 1726 misit,
1148 1667 1184 1714 ut
1223 1675 1288 1713 uar-

294 1749 357 1797 tam
383 1734 548 1798 redituum
574 1745 699 1816 partem
745 1733 814 1793 erci
840 1746 922 1794 eret.
960 1734 1004 1796 ita
1031 1755 1140 1818 neque
1166 1675 1288 1796 delitet·

294 1818 430 1900 egebat,
455 1830 488 1878 et
506 1815 697 1878 foenerator
716 1753 801 1874 dead
816 1753 921 1897 longo
938 1827 1099 1900 tempore,
1117 1816 1209 1900 quod
1228 1829 1288 1878 erat

295 1900 335 1961 ab
354 1897 425 1984 ipso
443 1895 644 1982 proiectum,
668 1915 741 1956 cum
762 1894 867 1956 usuris
887 1893 927 1956 ad
945 1897 1182 1981 praescriptum
1200 1901 1288 1968 aLu-
1328 1935 1329 1952 .

295 1975 383 2043 cullo
404 1979 534 2041 niodum
556 1975 781 2062 recuperabat.
824 1975 922 2071 Quod
947 1980 976 2039 si
1001 1982 1074 2064 quis
1101 1979 1214 2042 usuras
1239 2002 1289 2062 ap-

294 2061 458 2148 plicuiss'et
477 2061 578 2134 sorti,
612 2075 645 2122 et
668 2071 789 2121 sortem
816 2073 850 2122 et
873 2060 983 2123 uliares
1006 2061 1183 2124 amittebat.
1227 2063 1288 2122 Hac

294 2145 458 2242 aequitate
487 2163 555 2203 rem
582 2142 691 2228 paulic
718 2153 792 2202 ante
819 2138 1103 2228 desperatillimsm
1131 2143 1288 2214 confecit,

293 2241 331 2288 ut
353 2239 437 2287 tntra
482 2224 707 2286 usdrienniuna
733 2223 821 2284 omni
848 2221 959 2285 debito
982 2225 1179 2288 liberaretur
1199 2227 1287 2297 Asia,
1328 2215 1329 2297 J

295 2319 330 2369 et
349 2307 445 2389 polle
465 2325 558 2368 rones
579 2305 779 2387 obligatione
805 2305 929 2367 solutae
955 2305 995 2368 ad
1014 2325 1093 2382 eos',
1124 2307 1181 2392 qui
1203 2321 1289 2369 antea

295 2401 485 2460 tenuerant,
509 2399 766 2450 reverterentur.

66 2509 67 2518 ¹
113 2531 283 2600 Earojom·
355 2519 413 2586 Ν.
436 2519 509 2580 ldoc
531 2532 626 2600 pacto
650 2516 784 2602 duplum
804 2516 893 2598 ejus,
916 2517 1003 2602 quod
1018 2517 1195 2589 dederent,
1218 2539 1291 2602 pau·

98 2613 205 2676 'mm
215 2600 284 2688 {7⁷17
296 2601 345 2666 cis
364 2600 457 2664 annis
474 2599 641 2684 adsequuti
657 2599 884 2662 foeneratores
901 2621 966 2662 non
983 2599 1059 2664 ideo
1075 2600 1289 2684 quiescebant.

98 2681 203 2722 lmus·
274 2703 384 2752 mam,
409 2682 473 2746 uti
499 2683 528 2746 si
550 2681 771 2744 subduxerant
789 2682 964 2754 calculum,
994 2703 1058 2744 uon
1083 2681 1205 2765 quadra
1232 2683 1291 2742 iata

294 2767 397 2849 ipsis,
429 2705 496 2826 rel
506 2753 635 2826 celatum
658 2763 776 2858 viginti
797 2763 988 2828 talentorum
1009 2763 1110 2826 millia
1131 2703 1291 2826 ‹tetelm-

293 2859 358 2912 tur.
389 2847 543 2908 Ceterum
561 2845 596 2906 in
614 2844 784 2928 provincia
800 2865 923 2908 novara
940 2843 1022 2906 nibil
1036 2859 1200 2929 poterant.
1227 2847 1290 2906 Ro·

293 2947 376 2989 mam
400 2928 605 3010 scripserunt
628 2925 668 2986 ad
692 2946 785 3000 suos,
817 2927 1034 3011 tribunosque
1052 2927 1178 3021 plebis,
1206 2947 1291 2989 com-

293 3007 425 3070 modum
451 3006 616 3091 pristinam
644 3009 750 3067 omnia
779 3007 930 3070 turbandi
955 3009 1119 3070 licentram
1139 3007 1290 3092 adeptos,

293 3091 426 3153 mercati
450 3103 542 3160 suut,
565 3103 600 3151 ut
620 3089 701 3151 actia
721 3087 965 3174 desideriisque
980 3090 1109 3152 Luculli
1127 3087 1291 3173 obstrepe·

292 3186 379 3234 rent.
421 3173 464 3233 At
484 3170 557 3243 ille,
583 3191 717 3254 magna,
739 3187 815 3231 'non
830 3171 914 3258 apud
936 3193 1023 3233 suern
1043 3169 1140 3233 modo
1159 3173 1291 3268 provin·
1327 3213 1328 3222 η

293 3253 394 3326 ciam,
423 3251 481 3315 sed
503 3251 692 3325 universos,
723 3249 827 3334 gloria
852 3252 965 3332 (iustos
986 3255 1072 3315 enim
1093 3252 1292 3338 magistratus
1327 3231 1328 3270 ,

290 3335 392 3397 rebus
411 3334 493 3420 ipsis
513 3333 706 3418 cogentibus
732 3353 942 3477 unaqpacque
964 3333 1079 3397 civitas
1102 3335 1226 3414 laudat)
1251 3337 1293 3395 E·

314 3416 388 3480 hesi
408 3417 577 3491 residens,
610 3417 720 3477 Asiam
742 3435 803 3480 con
831 3417 954 3480 ituebat
972 3417 1121 3500 legibus,
1152 3417 1293 3480 cumula·

248 3563 252 3570 ,
288 3439 345 3560 bat
368 3493 451 3561 lidae
472 3499 562 3584 pacis
583 3497 699 3572 bonis,
729 3499 923 3581 spectaculis
943 3501 1041 3560 etiam
1061 3499 1216 3586 ludisque
1235 3497 1294 3560 tri·

289 3579 496 3664 umpbalibus
519 3601 620 3666 seque
642 3594 675 3643 et
692 3580 779 3642 illam
800 3583 980 3645 recreabat.
1011 3581 1151 3644 vicillim
1175 3581 1210 3642 in
1235 3579 1293 3640 bo-

289 3681 406 3722 norem
436 3661 506 3744 ejus
533 3663 672 3727 Asiatici
697 3660 902 3740 instituerunt
930 3663 1108 3739 Lucullea,
1145 3663 1294 3727 celebra·

278 3755 445 3829 ·runtque.

120 3889 231 3960 lagana
244 3889 280 3944 art
354 3873 397 3940 V.
422 3873 529 3970 Dedit·
540 3873 659 3937 deinde
676 3875 743 3972 Ap...
755 3875 892 3973 Claudio
910 3897 1043 3963 operam
1063 3876 1106 3940 de
1126 3879 1295 3974 legatione

106 3959 255 4031 ttgrasem.
293 3977 348 4022 sua
371 3954 542 4020 relerentr.
566 3975 639 4018 eum
659 3975 746 4040 regn
765 3977 889 4024 armum
911 3959 1011 4026 duces
1032 3963 1134 4048 longo
1151 3979 1294 4024 arreum.

211 4105 214 4112 ,
294 4083 631 4106 W

327 4146 400 4223 Cap.
418 4145 470 4206 lv.
492 4143 619 4222 Appiam
639 4127 715 4210 Pldt.
