2680 4690
243 291 287 356 tu
307 285 457 354 LOCUM
479 289 828 362 m.xcvt.1.1Vtt.
974 289 1035 358 ³5³

45 500 102 572 rit,
123 511 160 560 nt
179 496 222 560 ad
241 496 393 582 gaudium
414 496 484 577 ejus
503 495 571 560 diei
589 495 816 560 celebrandum
834 497 1035 565 condiceret.
1065 493 1101 552 ὓ·
1119 496 1215 554 ⁰·680·

45 581 144 664 igitur
167 578 375 644 discubuere.
420 579 588 642 Semurius
612 577 752 642 interior
770 581 805 640 in
821 580 931 643 medio
950 582 1036 646 lecto
1066 567 1149 624 Ν·
1163 585 1208 640 7¹·

45 661 255 724 accubuerat:
286 681 383 756 supra
406 677 480 756 eum
500 661 538 723 1..
557 659 677 728 Fabius
695 659 923 760 Hispaniensis
944 683 1037 760 sena.

45 741 1039 890 {tttdtt‘llltnl.t':tl⁰.t‘1²ll¹:{t³¹t2’;.tltlt}

46 925 159 978 cenas,
188 901 318 966 medius
337 903 424 967 iuter
441 905 644 990 Tarquitium
662 918 696 968 et
714 904 878 968 dominum
894 907 1039 973 convivii

47 987 259 1071 Perpernam.

107 1093 149 1154 X.
171 1093 253 1154 Erat
269 1111 307 1154 ea
324 1108 422 1176 quum
434 1091 574 1155 Sertorii
588 1090 751 1168 medellis,
774 1107 841 1156 tum
858 1093 944 1179 apud
961 1114 1038 1157 suos
1068 1107 1204 1164 serrarius

48 1174 240 1245 auctoritas,
269 1186 324 1247 ut,
357 1191 398 1235 eo
421 1171 609 1258 praesente,
642 1175 826 1238 verecunda
852 1189 884 1238 et
910 1173 1224 1254 honestamento-r·

48 1255 154 1318 omnia
175 1254 296 1332 effent3
328 1253 435 1316 nullae
462 1268 575 1340 turpes
596 1255 751 1331 facetiae,
780 1257 862 1318 nulli
881 1258 1040 1320 clamores

47 1337 266 1420 tumultusque
281 1333 483 1405 audirentur.
526 1336 592 1398 Sed
607 1355 648 1398 eo
664 1350 831 1421 tempore,
861 1351 896 1400 ut
912 1337 1041 1403 initium

46 1416 189 1478 rixarum
205 1417 364 1498 conjurati
381 1415 538 1490 lacerent,
564 1417 740 1479 inconditis
760 1419 966 1482 sermonibus
981 1439 1040 1502 ge-

47 1494 231 1580 stibusque,
266 1519 327 1583 per
359 1498 595 1560 simulationem
625 1499 811 1570 ebrietatis,
844 1496 1037 1584 strepebant.
1094 1565 1098 1578 ,

48 1577 155 1674 Quum
174 1577 312 1643 adhaec
330 1579 405 1653 ille,
437 1579 507 1644 sive
532 1577 677 1642 offensus
700 1579 759 1644 huc
781 1580 931 1654 licentia,
965 1582 1039 1643 siva

47 1674 189 1722 mentem
208 1679 321 1722 eurum
339 1659 506 1734 divinans,
535 1662 625 1723 velut
643 1661 781 1724 animum
803 1681 868 1722 uon
889 1661 1039 1726 adverte·

48 1755 117 1812 ret,
149 1741 186 1804 in
208 1742 294 1805 lecto
316 1741 438 1820 jaceret
460 1741 614 1826 supinus3
644 1743 810 1828 Perperna
832 1763 957 1808 merum
978 1763 1038 1826 po·
1078 1749 1084 1756 '

49 1821 173 1906 poscit,
195 1836 230 1884 et
247 1823 334 1886 inter
353 1821 530 1884 bibendum
547 1821 670 1885 dimisit
690 1843 708 1886 e
725 1823 871 1886 manibus
888 1824 1038 1908 phialam,

51 1906 105 1986 qui
123 1923 226 1966 sonus
240 1903 475 1988 perpetrandae
492 1903 601 1966 caedis
620 1905 747 1988 signum
765 1905 940 1986 conjuratis
958 1919 1038 1967 crat.

53 2004 89 2046 ac
107 1983 213 2048 statim
231 1985 411 2057 Antonius,
440 1985 553 2068 quiin
574 2006 698 2048 summo
719 1987 806 2050 lecto
827 1986 1046 2059 accumbebat,
1081 2009 1087 2020 ·

52 2064 205 2130 destricto
221 2067 363 2150 pugione
380 2065 563 2129 Sertorium
579 2067 751 2131 sauciarit:
775 2066 895 2130 deinde
910 2085 1049 2130 conver·
1095 2119 1096 2122 ,

50 2148 151 2210 tantis
174 2147 392 2222 cendictum,
417 2161 449 2210 et
469 2165 605 2244 surpere
624 2150 771 2211 conantis
789 2168 914 2210 manum
929 2160 1049 2209 utram-

52 2249 116 2312 que
137 2228 316 2303 continuit,
339 2227 414 2289 dum
436 2249 454 2289 a
475 2228 613 2313 reliquis
631 2227 861 2293 conficeretur.
895 2225 1049 2291 Custodes

52 2309 207 2394 corporis
227 2309 314 2391 ejus,
344 2329 427 2394 quos
445 2329 516 2371 sem
539 2329 576 2372 er
595 2311 681 2373 circa
700 2329 735 2374 se
756 2310 908 2383 habebut,
933 2309 1050 2371 eodem
1171 2315 1175 2322 “

51 2405 220 2454 momento
239 2413 256 2452 a
272 2391 471 2475 praeparatis
493 2331 537 2452 ad
550 2391 675 2454 lacinus
694 2391 842 2478 occupati
860 2401 946 2454 sunt.

116 2499 170 2558 xl.
193 2501 241 2560 lta
255 2496 422 2560 Sertorius
432 2496 530 2581 pauit
545 2495 653 2572 vitam,
675 2513 822 2562 octavum
835 2495 905 2580 poll
917 2515 1044 2569 aunum,
1076 2499 1222 2572 imperium
1326 2483 1328 2488 ’

99 2599 151 2638 arn
170 2578 326 2720 Hispanis
344 2597 380 2639 se
398 2577 512 2674 ducem
533 2577 692 2660 praebere
710 2592 882 2672 coeperet3
912 2597 1046 2659 magnus
1058 2567 1228 2690 {gemui

77 2681 132 2731 ux,
154 2673 225 2722 eta
249 2657 360 2721 verim
379 2657 460 2720 duca
478 2672 705 2800 imperatores,
725 2663 916 2744 PompeJum
933 2671 967 2720 et
977 2661 1047 2719 Me·
1109 2652 1231 2706 dmm·

53 2742 189 2812 tellum,
222 2759 321 2824 saepe
342 2761 418 2823 par,
449 2739 502 2802 rel
539 2741 728 2823 sequentius
751 2741 875 2804 rietur:
908 2737 948 2800 ad
971 2737 1048 2802 ulti·
1176 2777 1184 2792 ι

52 2841 143 2882 marn
167 2821 314 2884 desertus
341 2836 374 2882 et
394 2821 555 2904 proditus.
598 2823 771 2904 Imperium
790 2821 928 2904 partium
947 2815 987 2880 sd
1003 2821 1048 2878 Μ.

53 2903 260 2986 Perpernam
286 2902 474 2964 translatum
500 2899 562 2974 eli,
592 2900 680 2986 quod
703 2901 801 2965 homo
824 2921 924 2963 vanus
949 2915 982 2962 et
1000 2899 1052 2960 in-

54 2997 154 3066 eptus
179 2985 255 3045 olim
280 2982 528 3074 concupirepst,
558 2981 646 3044 nihil·
663 2983 695 3044 ei
715 2981 956 3068 praestiturum,
986 2980 1053 3042 nisi

52 3077 297 3208 utgefflnantapm
320 3062 435 3125 ducem
460 3077 578 3148 quanto
596 3061 737 3130 interior
755 3065 828 3148 ipse
846 3062 1050 3136 sustulisset,

53 3165 95 3204 an
153 3163 249 3228 agere
265 3165 314 3206 ur.

122 3251 194 3312 tm.
221 3253 290 3312 Nec
313 3262 420 3311 tamen
440 3248 520 3312 illud
545 3264 609 3312 tam
634 3248 749 3313 infelix
774 3251 954 3334 praemium
979 3250 1050 3312 sine
1080 3259 1225 3314 Eeee‘elses

53 3331 274 3394 contentione
295 3332 461 3394 retulerat.
510 3331 681 3394 Exercitus
703 3329 772 3416 pull
792 3332 959 3474 indilgnam
973 3331 1051 3394 Ser·
1064 3327 1181 3384 S‘mrii
1197 3347 1242 3394 ⁸!-

52 3413 138 3475 torii
162 3411 315 3486 caedem,
345 3412 394 3474 ira
412 3413 446 3472 in
466 3411 777 3476 commiserationem
795 3433 855 3476 rer
870 3435 905 3486 a,
934 3411 1052 3476 tumul·
1064 3412 1119 3450 θ’*
1137 3413 1216 3468 ‘⁰8¹⁰

51 3493 228 3568 tuebatur,
259 3495 412 3558 rimarem
435 3493 537 3556 occisi
560 3508 594 3556 et
615 3515 672 3558 sua
693 3495 839 3578 pericula
860 3492 1052 3578 reputando.
1060 3465 1132 3533 sm·

51 3577 149 3638 Malle
170 3579 362 3657 experimentis
387 3573 545 3716 coissinffe,
576 3575 773 3656 mensamlibet
792 3581 928 3660 egregium
949 3577 1055 3634 exerci-

52 3677 138 3732 tum,
169 3675 259 3716 amoro
278 3656 363 3731 duce,
392 3679 425 3717 ve
438 3676 469 3716 ut
493 3655 620 3737 pulcrum
645 3667 691 3716 co‘r
709 3675 759 3732 us,
791 3657 916 3738 adenepto
930 3655 1053 3738 spiritu,
1123 3653 1133 3666 '

49 3759 194 3800 mercen.
243 3739 336 3798 Unum
351 3738 393 3800 his
414 3757 467 3798 rem
501 3736 577 3799 ribus
590 3735 675 3820 sniffe
720 3739 914 3810 .Smorium,
937 3739 984 3818 qui
997 3733 1057 3816 saite

50 3819 176 3902 opibus,
199 3815 259 3898 ssrre
278 3823 406 3899 peractio,
425 3818 485 3900 foa
502 3823 609 3895 uirtute
623 3817 707 3901 suberi
719 3840 769 3894 as,
792 3815 948 3880 terribilem
963 3811 1057 3898 populi

51 3893 181 3964 Romen
197 3902 348 3981 munatium
364 3917 416 3982 per
435 3918 479 3962 rot
498 3917 582 3964 meaos
593 3897 774 3984 sternumffir.
818 3899 984 3982 Pauperem,
1006 3913 1058 3955 er-

97 4085 174 4160 Gop.
189 4087 226 4141 x.
249 4083 328 4140 Plut.
347 4084 372 4138 Δ
416 4085 475 4140 ian.
510 4081 584 4158 Cap.
600 4087 652 4144 xt.
669 4084 734 4150 leir,
751 4081 831 4160 Epit.
850 4083 975 4156 Eutrop.
993 4077 1056 4137 lein.

51 4153 146 4227 Epit.
163 4153 241 4210 Plut.
277 4151 351 4226 Gap.
424 4189 433 4208 .
460 4153 586 4226 Appiam.

101 4235 340 4322 cuppanem.
354 4237 546 4298 renunt.
828 4221 860 4296 Z
967 4233 972 4244 ·
