2666 4692
345 271 381 334 18
418 266 696 332 FREINSHEMII
713 267 1123 336 SUPPLEMENTORUM
1136 273 1208 336 Lm.
1220 275 1281 338 XL.

183 495 324 554 tamma,
338 475 471 539 sortiter
488 475 528 536 ab
542 475 687 537 obsessis
705 487 917 558 repugnatum
935 488 996 538 est.
1019 475 1096 538 inde
1115 497 1228 561 quum,
1249 495 1304 544 eta

183 567 219 619 Α.
237 565 322 638 (λες.
338 570 428 640 capta
448 570 541 642 parta
564 555 655 619 urbis
673 555 867 616 decurrente
889 559 1052 630 Romano,
1076 579 1194 642 anceps
1213 579 1305 624 metus

336 639 613 709 circumsisteret,
648 634 831 720 profligatis
862 635 1110 716 defensoribus,
1139 641 1224 704 Sulla
1248 649 1304 705 llo·

236 735 238 740 ’
335 720 431 786 viano
448 731 510 806 pe'r
526 721 592 784 vim
607 719 731 802 potitus
753 731 815 780 est.

393 881 537 946 XXXIX
559 879 710 953 Deinde,
747 883 811 944 late
838 879 1026 946 circumlato
1056 883 1136 946 belli
1171 896 1304 954 terrore,

332 985 429 1048 quum
455 966 579 1048 aliquot
605 963 743 1046 populos
769 961 969 1044 recepisset,
1042 979 1177 1048 petente
1210 962 1305 1026 hiems

332 1044 372 1108 ad
389 1047 580 1130 petitionem
597 1043 783 1106 consulatus
800 1047 933 1104 Romam
953 1065 1014 1130 pro
1032 1061 1123 1110 ectus
1143 1044 1208 1108 ella
1228 1059 1305 1106 certa

330 1127 463 1214 quidem
480 1148 539 1212 spe
556 1125 777 1208 consequendi
796 1125 952 1200 honoris,
976 1148 1074 1212 quum
1089 1125 1141 1192 tot'
1153 1139 1305 1208 tantasque

328 1227 403 1282 res,
436 1221 569 1305 quantas
602 1225 677 1268 raro
697 1207 867 1348 quisquam
892 1208 975 1270 alius
1001 1224 1074 1272 ante
1100 1209 1304 1278 consulatum,

329 1291 545 1366 coniecisset3
584 1307 718 1370 eamque
750 1289 778 1350 si
803 1289 814 1348 i
839 1289 1041 1352 fortitudinis
1060 1290 1305 1376 prudentiaeque

328 1373 537 1434 conciliasset
570 1367 854 1442 existimationem,
894 1384 929 1432 ut
959 1393 975 1432 a
1000 1373 1043 1432 ud
1068 1375 1160 1436 cives
1184 1391 1304 1452 maguus

328 1452 410 1527 dux,
438 1457 596 1516 maximus
613 1451 697 1536 apud
715 1451 843 1524 socios,
876 1451 960 1535 apud
977 1394 1082 1518 tolles
1099 1456 1196 1518 etiam
1211 1453 1305 1512 fortu-

325 1535 512 1599 natissimus
530 1534 716 1598 haberetur.
758 1533 879 1615 Igitur,
901 1554 999 1616 quum
1019 1549 1127 1620 togam
1151 1533 1305 1600 candidum

302 1615 524 1700 sssumpfiffet,
558 1613 700 1680 comitiis
724 1613 967 1689 consularibus,
997 1637 1082 1700 pene
1109 1616 1246 1690 omniunt
1265 1613 1303 1673 ci·

326 1697 414 1763 vium
435 1697 619 1783 suffragiis,
655 1715 738 1758 anno
757 1697 871 1760 aetatis
896 1718 973 1761 suae
998 1695 1304 1785 undequinquagesi-

326 1801 380 1842 mo
401 1781 590 1865 designatus
612 1789 672 1842 est.

166 1958 197 2011 c.
213 1959 316 2014 cm„
388 1943 457 2013 XL.
478 1945 525 2006 Ea
545 1941 675 2006 comitis
693 1956 856 2006 certamen
874 1940 960 2007 haud
984 1943 1171 2006 tralaticium
1196 1940 1303 2002 habue-

148 2029 314 2082 rant-tatum
328 2037 422 2098 runt,
446 2027 481 2088 C.
492 2025 580 2089 lulio
597 2027 734 2086 Caesare
751 2023 950 2086 consulatum
966 2039 1077 2088 contra
1094 2025 1184 2107 leges
1200 2037 1302 2107 peten-

144 2099 315 2178 ‘⁰⁶‘,'⁰¹'8‘⁸
328 2121 372 2178 te.
417 2107 505 2181 sad,
525 2107 675 2190 quoniam
694 2105 734 2166 ad
751 2125 788 2166 ea
808 2117 953 2188 tempora
969 2125 1136 2169 accessum
1155 2119 1218 2176 est,
1241 2105 1301 2187 qui·

144 2175 227 2236 '’m'’
326 2189 388 2255 hus
402 2191 560 2273 frequens
578 2188 701 2249 mentio
724 2185 871 2251 sarienda
897 2189 1085 2263 Caesarum,
1110 2202 1143 2250 et
1162 2188 1254 2258 alias,
1275 2197 1302 2245 et

326 2287 465 2358 propter
487 2291 559 2331 eum
586 2270 773 2339 Caesarem,
796 2269 851 2352 qui
870 2266 977 2352 postea
1000 2269 1140 2334 dictator
1159 2271 1235 2340 suit,
1257 2287 1301 2327 er·

325 2373 436 2416 rorem
458 2371 575 2436 parere
599 2349 783 2435 legentibus
806 2351 926 2445 poll'et3
949 2353 1043 2414 simul
1069 2367 1105 2414 ut
1130 2353 1216 2415 illius
1240 2347 1301 2410 aevi

326 2432 516 2496 domesticae
535 2431 719 2495 discordiae
739 2431 882 2514 penitius
902 2431 1143 2520 intelligantur,
1178 2451 1239 2494 non
1254 2431 1311 2498 ab·¹

323 2513 462 2578 horrere
489 2535 506 2574 a
527 2515 692 2598 praesenti
717 2509 859 2576 instituto
882 2512 1041 2594 judicavi,
1081 2520 1111 2580 si
1130 2517 1171 2580 de
1190 2515 1245 2576 hac
1260 2513 1300 2574 f·

322 2597 429 2668 milia,
460 2611 493 2659 et
516 2597 690 2680 praecipue
715 2596 757 2658 iis
777 2594 983 2670 hominibus,
1013 2600 1156 2683 quitum
1178 2595 1310 2686 maxime¹

323 2675 524 2754 floruerunt,
545 2696 664 2762 pauca,
686 2697 749 2744 nec
764 2677 937 2758 injucunda
954 2679 1055 2756 scitu,
1076 2681 1258 2768 proderem.

191 2851 310 2906 samnt-
378 2846 466 2928 ¹XLI.
491 2847 592 2928 igitur
616 2843 715 2916 lolii,
747 2840 838 2924 cujus
864 2846 970 2926 gentis
996 2844 1118 2909 familia
1140 2847 1309 2909 Caesarum

164 2921 311 3002 0111111111
325 2925 403 2998 fuit,
427 2927 669 3012 antiquissimae
694 2925 832 3011 originis
852 2925 1002 2992 fuerunt:
1031 2950 1129 3012 quum
1148 2945 1247 3012 genus
1265 2917 1308 2994 sd:

157 3000 425 3070 ‘³1¹⁰⁸⁸⁸¹‘'·1utum
442 3008 625 3082 referrent,
659 3007 790 3070 Aeneae
810 3005 931 3084 lilium,
965 3030 1059 3094 quem
1078 3013 1218 3073 Aeneam
1240 3005 1298 3065 un·

322 3089 413 3154 chiae
448 3105 481 3154 et
507 3091 637 3156 Venere
668 3091 812 3174 genitum
836 3105 931 3154 retus
956 3091 1063 3156 fabula
1094 3083 1297 3188 praedicabat.

322 3171 387 3268 Qui
421 3173 546 3258 primus
577 3172 737 3237 loliorum
760 3171 824 3234 hoc
852 3177 1046 3258 cognomine
1074 3173 1307 3240 discriminant}

320 3269 462 3340 gentem,
484 3277 583 3340 quom
600 3275 696 3318 caeso
712 3255 823 3318 matris
842 3269 937 3320 utero
955 3258 1122 3342 prodisset
1139 3258 1173 3318 in
1192 3255 1306 3318 lucemr

320 3357 361 3400 er
383 3357 423 3400 eo
448 3357 525 3402 casu
546 3337 794 3424 appellationem
823 3339 961 3404 traxisse
988 3359 1053 3430 nop
1075 3337 1214 3402 absurde
1236 3351 1299 3428 ore·

193 3419 204 3440 ⁹
319 3417 418 3488 ditur.
461 3421 544 3482 Eum
568 3433 642 3481 ante
667 3433 813 3502 tempora
843 3421 1049 3484 Hannibalici
1077 3419 1155 3484 belli
1186 3417 1305 3480 rixrsst‘

318 3501 475 3588 oportuit.
498 3521 538 3563 ex
553 3521 594 3564 eo
613 3500 698 3564 enim
715 3501 888 3566 Caesarum
905 3504 937 3564 in
953 3503 1094 3566 historiis
1109 3499 1229 3566 mentio
1239 3495 1269 3558 ir

317 3595 500 3666 quentstnr.
532 3582 597 3647 Sed
606 3583 730 3668 primns
741 3585 882 3645 omnium
893 3586 967 3646 Sex.
978 3587 1083 3648 Julius
1095 3589 1170 3651 Sex.
1184 3587 1219 3648 F.
1231 3581 1291 3643 Se!

315 3665 356 3734 n.
367 3665 485 3725 Caesar
496 3665 608 3728 consul
621 3663 692 3738 suit,
713 3669 751 3726 L.
763 3663 876 3728 Oreste
887 3667 1022 3750 collega,
1045 3659 1283 3732 adannumnrbi

215 3769 220 3774 ·
316 3745 466 3810 conditae
491 3747 783 3830 quingentesimum
813 3745 1047 3830 nonagesimum
1066 3767 1201 3815 sextum.
1241 3746 1287 3806 ΝΘ

315 3847 377 3914 pos
405 3826 500 3908 hujus
525 3847 598 3890 esse
619 3827 728 3914 potuit
754 3828 829 3890 Sex.
845 3833 1015 3894 Caesar-‚G
1034 3833 1072 3894 F.
1092 3835 1147 3918 qui
1171 3847 1242 3893 cum
1264 3824 1289 3884 L

350 3985 422 4058 (lap.
441 3985 569 4040 XXXIX.
586 3984 649 4039 Lir.
675 3981 754 4056 Epit.
775 3981 865 4039 Diod.
882 3987 960 4056 spud
975 3987 1072 4045 Valet.
1091 3991 1166 4046 Plus.
1189 3986 1258 4046 Sall.
1290 3936 1294 3953 ·

314 4055 512 4134 &pl'elleium
540 4053 637 4124 11.17.
673 4055 746 4124 Gap.
770 4051 832 4108 XL.
861 4055 923 4110 Cic.
949 4055 985 4111 ds
1011 4061 1082 4117 ilar.
1107 4063 1197 4136 Resp.
1215 4069 1272 4114 cd

315 4125 387 4198 cap.
404 4125 476 4180 XLI.
497 4123 619 4179 Sueton.
641 4121 724 4178 Caes.
742 4138 767 4174 e.
784 4124 811 4179 ⁶.
835 4122 910 4180 Plin.
929 4127 995 4184 Vll.
1011 4147 1038 4198 9.
