2654 4690
196 278 243 340 IN
265 273 416 342 LOCUM
436 277 518 340 LIB.
541 277 746 346 LXXXVIII.
765 279 876 345 urvtt
980 279 1041 344 235

92 485 181 546 xxs.
211 483 252 546 Id
276 505 314 548 se
337 485 498 548 sactorum
524 487 671 572 recepitt
702 507 810 572 neque
827 487 930 548 multo
947 485 1036 572 poll,
1068 489 1103 545 U.
1121 507 1147 544 r.
1164 491 1226 548 6⁰0.

43 586 73 626 re
88 585 198 651 neque
219 587 294 630 cum
314 583 442 638 senatu,
471 589 579 653 neque
603 570 671 630 ullo
691 568 930 652 magistratuum
948 589 1037 637 com·
1067 563 1104 614 Δ·
1124 561 1223 644 Cull-

41 649 214 722 manicata,
245 649 496 746 proscriptionis
517 649 688 736 proposuit
706 651 864 724 tabulam,
896 672 961 735 qua
976 673 1036 714 no·
1051 627 1227 752 amm

34 731 120 790 anina
143 747 222 794 oeto
249 746 314 792 tnta
336 731 604 794 continebantur:
637 733 725 796 inter
747 753 829 818 quae
853 733 1039 796 consularis
1173 734 1182 752 ⁸

42 827 195 954 quatuor,
219 751 343 886 garbo,
365 813 508 888 Marius,
531 815 720 888 Norbanus,
743 829 777 878 et
791 815 921 900 Scipi03
944 813 1038 877 dein-

60 896 288 968 aSertom'ns,
320 911 353 958 et
375 896 450 969 alii,
483 917 565 981 quos
587 899 675 960 Sulla
694 917 773 982 prae
795 895 935 960 caeteris
958 895 1039 960 ode.

42 991 93 1037 rat.
138 977 298 1040 Omnium
321 979 361 1040 ad
385 977 546 1042 inauditae
570 993 663 1042 antea
685 981 841 1042 saevitiae
863 979 1039 1060 tyrannici·

43 1081 95 1142 que
117 1059 253 1144 imperii
273 1061 453 1146 exemplum
474 1061 698 1144 indignatione
716 1075 893 1136 commota,
915 1074 1038 1122 tantum

42 1161 102 1214 uno
118 1141 175 1202 die
195 1141 412 1228 interposito,
443 1141 601 1205 ducentos
620 1143 758 1227 viginti,
782 1143 858 1205 dein
879 1139 1038 1228 postridie

40 1222 153 1284 iterum
182 1222 270 1286 haud
294 1213 676 1311 pauciores⁸sdscripsin
718 1223 851 1307 Adiecit
872 1244 933 1309 pro
957 1243 1037 1286 con-

41 1305 148 1378 cione,
173 1328 236 1380 eos,
259 1329 373 1390 quorum
393 1305 571 1388 mentiatiffet,
591 1305 788 1392 proscripsisse:
818 1307 851 1367 de
870 1309 968 1366 cernis
986 1306 1037 1367 de-

38 1409 196 1460 creturum,
217 1389 264 1450 ubi
284 1393 313 1450 in
333 1407 447 1449 mentem
466 1387 587 1470 antistet.

92 1468 198 1532 xm.
230 1469 505 1556 Receptatoribus
528 1473 624 1536 etiam
649 1469 908 1560 proscriptorum
928 1489 1036 1554 poene
1064 1483 1208 1540 carorum
1280 1541 1283 1548 ,

37 1553 147 1614 mortis
168 1549 214 1615 est
231 1553 416 1639 proposita,
439 1573 503 1613 non
527 1569 684 1640 excepto,
708 1553 865 1636 sanguine
884 1551 1032 1634 junctos,
1046 1554 1141 1622 tegens
1157 1569 1205 1604 κν·

37 1653 70 1692 sn
88 1650 249 1698 externos
269 1655 400 1698 servare
419 1635 601 1698 voluissent.
644 1637 704 1705 Et,
735 1635 819 1696 sicut
843 1633 1034 1698 humanitati
1048 1639 1148 1676 mm·

38 1735 69 1775 sn
92 1717 249 1800 plicium,
288 1719 331 1781 ita
354 1716 539 1780 crudelitati
563 1731 596 1780 et
616 1715 775 1802 perlidiee
799 1737 927 1780 merces
947 1715 1035 1782 dicta

37 1813 93 1868 rt,
115 1800 150 1860 in
175 1799 304 1898 singula
324 1800 427 1885 capita
444 1800 565 1862 talenta
583 1799 660 1862 duo.
687 1798 768 1862 baec
788 1819 902 1872 servo,
927 1800 956 1862 si
973 1799 1034 1861 do·

36 1880 152 1942 ninum
172 1881 360 1956 occidisset,
383 1881 480 1954 haec,
504 1882 532 1944 si
552 1896 732 1966 parentem,
754 1879 824 1944 silio
841 1881 1034 1966 repraesen-

35 1961 192 2026 tabantur.
233 1963 466 2028 Proditoribus
487 1965 584 2026 etiam
603 1963 773 2026 latentium
791 1964 936 2061 praemis
953 1983 1033 2028 con·

34 2039 130 2107 stituta
154 2059 243 2107 sunt.
272 2047 425 2141 Denique
442 2060 580 2130 quatuor
595 2047 697 2109 millia
715 2046 927 2130 septingenti,
948 2065 1033 2188 qluos

32 2145 64 2184 ea
81 2126 186 2210 pellis
204 2125 344 2202 sustulit,
366 2128 500 2210 lubente
516 2129 621 2204 Sulla,
647 2143 799 2212 tanquam
815 2127 856 2189 ad
870 2147 969 2212 praec
982 2127 1033 2189 eri

32 2207 190 2272 Iatinoris
215 2210 405 2273 servandam
427 2211 637 2286 memoriam,
672 2211 707 2272 in
734 2209 859 2273 tabulas
884 2209 1031 2294 publices

32 2291 121 2354 relati
141 2305 233 2356 sunt.
269 2297 304 2356 ln
317 2293 369 2356 bis
384 2307 571 2356 senatorum
585 2293 797 2380 equitumque
810 2293 1032 2356 Romanorum

31 2371 90 2434 dno
111 2375 220 2436 millia
239 2375 333 2438 fnisse
351 2376 516 2438 traditum.

85 2482 207 2544 xxtn.
237 2485 351 2566 Neque
371 2485 493 2543 Romae
516 2495 656 2557 tautum,
687 2483 746 2547 sed
766 2505 828 2572 per
847 2481 1032 2546 universam
1059 2449 1213 2560 Ettamper

28 2563 148 2625 ltaliam
167 2563 300 2626 furialis
319 2565 373 2625 illa
390 2563 561 2648 tempestas
579 2565 751 2628 desaeviit.
794 2569 937 2631 severae
956 2545 1218 2652 paululum&

31 2645 84 2704 sim
112 2643 322 2730 quaesliones
347 2645 566 2720 habebantur,
600 2647 628 2708 si
655 2649 730 2734 quis
746 2649 816 2709 ⁴sub
841 2647 947 2710 Mario
977 2613 1211 2736 sutfifpffm

28 2727 179 2790 Carbone
196 2729 355 2813 legatisve
373 2749 487 2792 eorum
506 2728 661 2813 slipendis
677 2729 769 2790 civiti
785 2729 873 2793 bello
889 2729 1031 2791 mernis-

29 2823 91 2886 set3
124 2810 155 2871 si
200 2825 327 2873 arteso
353 2832 391 2880 e,
420 2811 563 2874 oonsilio
586 2811 733 2892 juvissett
765 2811 794 2876 si
816 2812 950 2876 omnino
968 2809 1032 2873 stu·

29 2889 136 2953 diosus
163 2833 295 2954 illarum
320 2834 439 2956 sitisset.
483 2893 686 2988 Quibusdam
708 2893 804 2955 etiarn
824 2893 955 2958 crimini
975 2892 1033 2954 ds·

27 2985 88 3033 tum
105 2975 284 3048 raserunt,
316 2974 495 3059 quodcum
514 2975 623 3058 aliquo
642 2995 758 3038 eorum
777 2995 947 3038 commune
965 2975 1031 3038 iter

27 3053 203 3118 inivill'ent.
246 3056 302 3120 Ibi·
312 3057 419 3118 omnis
434 3055 543 3118 divina
557 3055 759 3142 humanaque
775 3059 894 3122 violata
911 3069 944 3118 et
956 3055 1032 3142 pol·
1142 3059 1147 3067 “

28 3135 88 3198 luta
107 3153 202 3200 sunt.
245 3139 353 3200 meriti
371 3140 405 3200 in
422 3140 557 3224 gremiis
576 3159 732 3212 uxorum,
756 3139 790 3200 in
806 3140 880 3202 sinn
893 3151 1032 3201 metrum

27 3217 120 3280 liberi
142 3221 297 3290 consolli.
329 3241 421 3283 sacra
443 3220 631 3308 hospitalia,
655 3222 874 3284 caerimoniae
895 3234 930 3282 et
951 3219 1032 3282 reli·

24 3301 137 3380 giones
155 3305 319 3376 Deorum,
341 3303 473 3388 ipsaque
492 3323 606 3364 eorum
621 3303 815 3447 penetralis,
837 3303 962 3366 nemini
976 3321 1030 3366 se·

25 3401 136 3447 curum
158 3385 317 3450 adversus
335 3385 540 3472 percussores
558 3405 618 3468 por
635 3386 746 3470 ugium
763 3385 892 3448 dabant.

80 3493 208 3558 XXIV.
239 3495 383 3577 Eratque
402 3513 556 3556 numerus
579 3493 715 3576 exignus
737 3503 799 3578 ptr
816 3493 900 3554 iram
916 3507 971 3556 ant
991 3511 1029 3556 o·
1059 3481 1183 3554 ΜΨ*

24 3573 110 3634 dium
134 3575 280 3638 victoris
302 3577 529 3659 pereuntium,
564 3595 644 3660 prae
665 3575 871 3640 multitudine
893 3553 1206 3666 θωιιιιι,ῙΜΙΜΜῨΙ

22 3659 72 3740 qui
100 3657 299 3720 facultatum
325 3659 427 3720 caussa
451 3655 659 3732 necabantur.
714 3677 831 3718 uorum
851 3657 949 3720 etism
966 3639 1137 3748 ροτῑῖΐΜ
1151 3639 1181 3676 ⁸¹

20 3739 305 3802 nomenclatorem
324 3739 506 3823 conquisita
525 3739 656 3800 nomina
673 3751 704 3800 ts
728 3739 800 3802 ulae
814 3739 1028 3832 proscriptio-

24 3821 66 3884 nis
93 3835 258 3906 tyrannus
280 3819 411 3902 adjecit.
454 3819 496 3917 Q.
511 3809 687 3894 Aurelius,
715 3819 769 3884 tir
786 3821 891 3908 quieti
907 3819 1026 3896 enimi,

49 3983 121 4052 cap.
134 3979 216 4033 xxi.
239 3977 316 4034 Plnt.
331 3977 399 4032 Dio.
416 3975 566 4049 Liv.Epit.
584 3975 732 4050 augustin.
748 3974 836 4030 Oros.
848 3975 926 4031 Plnt.
945 3973 1022 4046 Gap.

24 4051 101 4136 lm*
120 4049 149 4106 Α
173 4047 258 4172 pian.
277 4047 355 4102 Plut.
374 4045 451 4129 V.⁰¹¹·
470 4065 496 4128 2,
512 4047 557 4102 sd.
575 4047 660 4130 Plus..
672 4045 831 4128 ValqMax.
847 4063 873 4128 q,
889 4063 915 4099 s.
934 4043 1021 4168 qur.
1103 4121 1104 4124 Ἰ

21 4125 85 4264 ὃς.
97 4119 212 4248 me:
232 4115 507 4245 itffiplggliitae’
521 4117 548 4186 3,
562 4116 606 4174 ad.
624 4115 775 4192 Innssptt.
792 4114 921 4222 Appiam
936 4113 959 4169 P
973 4119 1024 4188 ut.¹
