2666 4692
235 239 1133 336 mmmmmaq

77 455 215 520 xevn.
243 457 301 520 Sic
322 456 461 520 irritatis
479 457 643 544 utrimque
662 455 796 529 animis,
823 455 880 540 qui
904 475 966 540 per
984 455 1027 516 A·
1058 451 1093 506 U·
1106 469 1132 506 e·
1144 453 1205 520 664·

30 537 89 600 lam
107 553 229 610 erant,
260 539 401 602 Romani
426 539 545 614 duces,
577 561 643 602 non
671 539 857 622 exspectato
883 536 1028 602 senatus·
1059 521 1197 584 ‘bc-⁸⁸·

28 621 164 682 consulto
185 623 351 706 populive
370 621 469 700 julla,
491 641 532 684 ex
548 621 719 703 Bithyniae
737 617 1030 704 Cappadociaeque
1060 615 1176 670 dvm?

27 717 50 766 et
66 703 321 786 Paphlagoniae
341 704 523 766 delectihus
547 706 729 768 exercitum
750 708 950 786 coegerunt,
974 702 1028 764 ad·
1043 683 1203 766 ‘'P“''m'

27 787 88 846 ditis
106 786 219 846 etiarn
240 787 534 870 Gallograecorum
553 787 694 850 auxiliis.
739 786 843 848 Simul
860 764 1131 892 L.Cass'1i,2w
1144 771 1186 807 ‘⁰'

27 867 189 951 piatam
207 868 390 942 obtinebat,
415 869 594 934 convenire
604 867 702 948 jullus
713 865 758 930 est
772 867 949 940 exercitus,
973 887 1028 928 co-

28 949 78 1034 pia.
101 971 149 1011 ne
171 950 357 1012 auxiliares
379 971 493 1015 omnes
512 949 660 1013 eumdem
671 952 703 1012 in
715 951 823 1014 locum
837 949 1027 1012 conductae.

72 1033 229 1094 tvm.
261 1032 389 1096 Deinde
421 1031 535 1117 partiti
561 1033 649 1096 inter
676 1033 710 1094 se
741 1032 843 1094 vires.
888 1032 1028 1105 Caffius,
1062 1035 1189 1094 Vr'resr.

24 1113 62 1174 uhi
82 1113 276 1195 Bithyniae
297 1115 524 1199 Gallograecia
540 1116 776 1189 committitur,
809 1112 919 1176 callris
934 1115 1025 1198 cepit
1041 1109 1168 1190 trinaque

22 1197 121 1257 locum.
174 1195 232 1258 Μῗ
257 1197 438 1281 Aquillius,
481 1217 544 1282 qua
572 1197 760 1282 irrupturus
784 1195 818 1257 in
840 1193 1024 1276 Bithyniam
1035 1190 1136 1258 Palm·

24 1277 230 1340 Bithridates
252 1277 467 1351 credebatur,
502 1278 659 1342 consedit.
702 1278 926 1422 Cappadociae
948 1277 1023 1340 fini-

22 1359 68 1420 hus
82 1359 150 1444 Ap.
169 1359 334 1422 Claudius
349 1360 561 1447 praefidebat.
604 1363 726 1446 Copiae
771 1383 800 1423 rs
818 1373 911 1423 erant
928 1361 1022 1443 equi-

19 1457 70 1504 tau
95 1441 331 1526 peditumque
355 1443 562 1542 quadragena
593 1443 729 1507 circiter
759 1443 872 1505 millia.
914 1445 1021 1504 Nares

18 1525 94 1584 etiam
119 1523 293 1597 aderant,
324 1527 442 1609 quibus
461 1526 624 1624 praelecti
645 1527 807 1588 Minucius
832 1523 958 1594 Rufus,
983 1527 1020 1586 C.

19 1607 171 1689 Popillius
194 1605 359 1690 angustias
376 1611 475 1670 Ponti
492 1607 579 1694 apud
591 1609 782 1691 Byzantium
793 1605 1023 1670 obl'ervahant.'

21 1691 141 1750 Praeter
173 1688 269 1750 baec
297 1689 501 1752 Nicomedes
526 1689 617 1752 luunt
645 1689 783 1752 habebat
815 1689 1019 1760 exercitum,
1087 1709 1090 1718 ⁴

22 1771 256 1855 qninquaginta
311 1771 433 1834 editum
460 1773 582 1847 millia,
617 1772 673 1835 sex
695 1773 852 1866 equitum.
904 1775 1021 1853 Neque

23 1853 107 1914 ninus
133 1853 271 1916 Mithri
295 1853 338 1914 ati
368 1853 489 1916 virium
515 1869 603 1929 erat,
635 1869 764 1918 centum
809 1851 1022 1936 uinquaginta

19 1937 97 1996 nillia
115 1935 269 2020 proprii
286 1935 421 2008 militis,
452 1957 526 2000 cum
550 1937 696 2022 equitum
716 1935 800 1999 milli
824 1957 861 1998 us
882 1931 1022 2020 quadra·

21 2020 104 2158 qtae:
127 2038 248 2080 naves
265 2031 368 2080 tectae
387 2033 574 2094 trecentae,
596 2034 727 2084 centum
752 2017 889 2085 dicrota.
927 2015 1022 2077 dein·

41 2099 225 2182 ereliquus
249 2113 422 2184 apparatus
441 2116 548 2166 tautae
565 2123 605 2164 ex
629 2101 853 2164 editioni'non
874 2099 917 2160 im
943 2119 989 2164 ar.

77 2183 198 2243 xttx.
225 2183 444 2246 Praetoribus
472 2189 544 2248 Neo
570 2123 691 2246 toiimo
710 2184 847 2244 maxime
869 2195 902 2242 et
919 2121 1022 2242 iratre
1057 2175 1172 2239 aretha.

20 2263 77 2335 eius
90 2263 276 2326 Archelao
297 2265 469 2339 utebatur,
502 2207 710 2330 nobilill'rmis
732 2266 833 2338 viris,
865 2276 899 2326 et
919 2283 1023 2346 genus
1037 2253 1114 2308 Μὴ
1129 2255 1181 2310 1⁸·

20 2347 48 2406 ad
73 2367 198 2432 regem
223 2347 425 2428 Argivorum
455 2353 655 2422 Temenum,
693 2345 784 2426 cujus
807 2347 894 2409 inter
919 2339 1024 2430 polle-
1041 2341 1093 2378 “³¹

22 2449 64 2488 rot
91 2445 125 2492 et
156 2432 311 2512 Magnus
346 2429 533 2494 Alexander
561 2431 643 2503 suit,
679 2429 915 2494 referentibus.
959 2425 1026 2488 Sed

21 2511 73 2594 iple
101 2532 171 2574 rex
213 2530 280 2594 per
308 2507 342 2571 se
374 2510 614 2577 administrabat
637 2511 789 2596 plur-ima.
830 2507 959 2574 Auxilia
990 2527 1031 2570 ex

22 2595 131 2656 maore
166 2592 338 2654 Armenia
367 2593 537 2658 Arcathias
569 2593 770 2659 Mithridatis
809 2591 905 2676 rpfius
941 2589 1029 2651 filius

23 2675 220 2748 adduxerat,
254 2673 368 2738 decem
393 2679 539 2762 equitum
558 2679 672 2740 millia.
715 2671 877 2756 Dorylaus
896 2671 1030 2756 phalan-

25 2779 81 2838 gem
114 2757 285 2842 regebat.
329 2759 482 2822 Craterus
517 2760 670 2822 curribus
700 2756 829 2820 falcatis
856 2767 1029 2838 praeerat,

26 2861 148 2904 ramere
177 2853 321 2902 centum
346 2841 491 2924 triginta.
534 2845 605 2904 Hae
626 2845 698 2902 tuni
718 2841 758 2902 ab
780 2849 1030 2932 utraque'parte

31 2925 123 3005 npiae
152 2935 282 2993 erant,
314 2943 411 3006 quum
445 2923 587 3008 primum
608 2927 753 3006 Romana
781 2941 868 2983 arma
898 2917 1030 2982 Mithri-

34 3001 124 3066 'mitis
148 3003 278 3066 collisa
298 3002 379 3066 lunt.

69 3089 105 3150 L.
131 3085 299 3150 Primum
322 3087 409 3148 inter
424 3089 638 3152 Nicomedem
657 3100 691 3148 et
711 3085 812 3148 duces
830 3081 1031 3146 Mithridatis
1063 3102 1128 3154 cm
1139 3101 1190 3158 Ny,

28 3170 95 3252 liple
114 3170 220 3232 enim
236 3166 368 3242 aberat)
386 3171 550 3254 proelium
561 3170 625 3232 suit
640 3167 725 3252 apud
741 3165 862 3228 llumen
880 3165 1030 3234 Amnian,
1045 3171 1215 3252 coaeterne·

29 3253 64 3312 ei
81 3251 301 3315 Nicomedes
320 3253 499 3314 exercitum
519 3251 608 3314 suunt
627 3250 786 3320 inllruxit.
830 3248 874 3310 At
888 3242 1163 3324 pannomiam,

28 3353 106 3412 qaum
122 3335 162 3396 in
182 3333 382 3394 universum
398 3334 611 3419 quadraginta
625 3333 785 3419 peditum,
811 3330 925 3392 decem
938 3328 1032 3412 equi·

29 3427 76 3475 lun
101 3417 218 3479 millia
241 3414 423 3488 haberent,
453 3417 528 3501 qula
554 3415 693 3502 phalanx
712 3412 804 3497 sequi
828 3432 894 3472 non
914 3425 1034 3494 potue·

28 3513 77 3568 rat,
107 3513 262 3584 praeter
278 3497 452 3560 Arcathiae
471 3501 669 3584 equitatum,
692 3494 915 3580 quosdamque
933 3492 1033 3554 salea-

24 3591 119 3644 lomm
150 3601 357 3654 curruum,
378 3580 602 3644 tantummodo
629 3581 735 3641 levem
765 3589 958 3640 armaturam
977 3574 1033 3636 ad·
1088 3601 1093 3608 ·

23 3661 190 3728 interant.
212 3663 358 3734 idcirco,
373 3663 657 3726 neamultitudiue
668 3661 882 3744 Bithynorum
892 3659 1034 3720 circum-

2 3759 3 3762 ’
24 3751 230 3820 terirentur,
254 3747 413 3818 tumulum
429 3744 599 3830 quemdam
609 3743 753 3806 saxosum
766 3741 925 3803 mediocri
938 3758 1033 3823 pree-

24 3825 90 3894 i'idio
100 3827 600 3914 occuparunt.Animadversum
609 3825 782 3908 aBithynis
795 3821 960 3886 confilium
971 3815 1033 3881 este

25 3927 47 3970 tt
66 3914 108 3976 ad
125 3910 404 3997 recuperandum
420 3912 537 3978 collem
554 3929 690 3996 magnae
708 3909 824 3993 copiae
846 3905 969 3966 millae.

52 4074 125 4147 Cap.
134 4071 265 4128 vau.
282 4066 412 4142 Appian.
448 4067 521 4140 Cap,
533 4069 631 4124 XLIX.
646 4031 766 4138 loseph.
777 4061 814 4119 de
824 4061 908 4118 Bello
919 4055 1035 4141 Judat'c.

32 4161 87 4212 ηις.
102 4143 243 4220 Appiae.
297 4141 371 4212 Cap.
382 4139 414 4196 t.
432 4125 1035 4214 Strahol.ra.p.5da.h1emuou.dppran.
