2680 4690
245 297 292 364 tat
312 295 464 365 LOCUH
481 297 565 362 ΗΒ.
585 294 699 364 xctv.
721 293 837 364 mvn.
956 291 1038 360 aar

57 507 95 578 ‘⁵’
120 503 956 651 ,pina,anpppppfip,113
987 509 1040 570 ⁰¹¹³
1068 513 1213 656 lat·

54 607 158 753 1⁵³2ng
166 607 330 768 {bobrbbt'
359 609 695 767 bbbigilbelsbblae
712 607 1040 776 bdemzabigosibi
1096 621 1105 644 ι
1140 605 1203 656 ,7.

52 751 303 907 titillat?
324 773 422 897 ,3550
437 750 1039 911 ttttlttllnttlttltitii:

51 917 124 978 saris
142 937 274 1002 quoque
292 930 325 980 et
342 915 440 978 burno
457 916 548 1000 quasi
565 915 705 1000 iuligine
723 913 857 1000 quadam
875 915 1038 980 occultum

51 999 146 1080 iguem
192 997 407 1073 rodentibus,
433 1005 546 1082 magua
568 1019 640 1060 curn
660 995 883 1060 sollicitudine
900 996 1037 1060 oberre-
1110 1039 1118 1053 ι

50 1095 130 1158 runt;
175 1101 278 1156 onec,
300 1081 429 1144 tandem
447 1079 499 1144 via
519 1095 667 1164 reperta,
691 1081 725 1140 in
746 1077 844 1142 oallra
866 1079 958 1163 regia
980 1101 1035 1142 re-

49 1165 127 1226 tersi
148 1179 235 1226 sunt.
288 1163 412 1226 Eodem
432 1176 581 1248 tempore
600 1161 789 1248 praefectus
808 1163 898 1246 regis
918 1163 1035 1224 Euma-

49 1243 138 1320 chus,
165 1243 237 1329 post
255 1246 409 1332 egregios
429 1245 611 1317 saccellus,
634 1257 844 1327 necatamque
863 1263 935 1306 cum
955 1263 1035 1306 uxo·

48 1327 129 1388 ribus
154 1341 187 1388 et
210 1327 326 1390 liberis
346 1327 468 1390 citium
487 1329 706 1388 Romanorum
724 1344 870 1420 magnam
889 1325 1034 1386 multitu·

47 1407 164 1480 dinem,
195 1409 321 1472 Pisidia
348 1409 530 1494 llaurisque
557 1407 721 1484 subactis,
755 1407 869 1469 Cilicia
893 1419 1033 1480 tentata,

48 1511 135 1572 quum
159 1490 192 1551 in
213 1491 353 1575 Phrygia
376 1489 498 1554 bellum
526 1490 673 1552 movillet
681 1511 691 1568 3
728 1488 902 1570 Deiotarus
924 1488 1036 1550 Gallo·

47 1574 186 1716 fimftifae
196 1573 386 1670 tetrarcha,
407 1585 576 1660 vagantem
593 1571 810 1664 adaequatus,
841 1591 953 1658 magna
971 1569 1036 1632 cla-

65 1675 114 1714 ea
155 1669 230 1717 ecit.
611 1671 617 1676 '

101 1779 186 1840 xxl.
215 1779 289 1842 Hoc
311 1778 408 1842 etiam
431 1798 515 1840 anno
538 1777 596 1839 Cn.
619 1777 795 1862 Pompeius
822 1777 856 1847 ip
874 1777 1032 1862 Hispania
1064 1783 1204 1840 &rtatim

48 1860 194 1944 prospere
214 1859 348 1923 bellavit
367 1881 439 1924 cum
455 1859 496 1957 Q.
513 1861 683 1922 Sertorio:
714 1859 788 1946 qui,
811 1852 872 1939 ja'm
892 1861 981 1922 curis
1000 1855 1169 1923 atinum·

47 1942 203 2004 laboribus
221 1943 340 2016 lellus,
371 1955 404 2004 et
427 1963 502 2026 quta
522 1961 559 2003 se
576 1941 646 2026 peti
666 1941 798 2004 videbat
819 1962 932 2004 eorum
951 1943 1034 2006 insi-

46 2025 119 2096 diis,
143 2026 218 2108 qui,
241 2045 278 2088 se
293 2037 441 2098 remoto,
465 2023 547 2088 salvi
563 2023 629 2086 elle
645 2044 711 2086 non
726 2037 895 2106 poterant,
918 2023 956 2086 ad
974 2025 1033 2088 ob·

46 2105 142 2166 euntia
160 2106 254 2168 ducis
271 2107 379 2168 munia
396 2105 548 2192 aegrior,
570 2106 605 2168 in
623 2105 733 2168 luxum
751 2119 785 2168 et
801 2105 958 2170 libidines
976 2106 1035 2170 tle·

45 2187 187 2251 elinabat.
229 2189 333 2264 Unde,
355 2211 454 2274 quum
468 2187 675 2274 frequentius
693 2183 931 2262 succumberet,
975 2209 1034 2251 uo-

45 2269 118 2331 tidie
144 2270 186 2332 atl
213 2271 294 2334 iram
317 2271 474 2356 pronior,
509 2269 620 2332 multis
649 2269 691 2346 ob
717 2269 934 2354 suspicionem
986 2270 1033 2332 oli

44 2351 218 2416 crudeliter
235 2353 439 2423 intersectis,
472 2366 602 2417 ceteros
622 2349 663 2414 ad
682 2351 900 2416 maturandam
920 2351 1033 2436 conju-

43 2435 197 2498 rationem
214 2435 397 2500 acrioribus
420 2433 553 2500 ilimulis
572 2435 731 2498 incitavit.

97 2567 196 2628 xxn.
220 2569 321 2630 Erant
337 2565 385 2628 illi
405 2565 464 2628 'am
481 2579 592 2640 antea,
616 2566 712 2628 timul
732 2585 773 2628 ex
792 2567 919 2651 ingenti
940 2579 1029 2630 metu
1058 2574 1213 2631 limatam

39 2668 96 2730 ptr
112 2650 265 2710 virtutem
281 2661 377 2733 atque
391 2589 579 2714 lettcttstem
591 2648 734 2710 Sertorii
748 2647 873 2710 animos
884 2649 925 2711 ad
938 2669 1029 2734 spem
1041 2643 1217 2700 alumnis

41 2731 277 2803 transtulerant,
298 2731 405 2794 livore
424 2745 458 2794 et
473 2729 687 2793 aemulatione
704 2729 871 2814 potentiae
888 2711 1129 2792 tutentie't‘l‘*
1144 2709 1207 2768 'W'

40 2827 70 2873 et
88 2812 216 2875 crebris
234 2815 423 2898 Perpernae
441 2811 647 2876 sermonibus
668 2809 941 2888 incendebantur,
972 2795 1136 2896 quiP'm·

41 2893 99 2956 sibi
121 2893 236 2958 deberi
261 2915 414 2958 summam
436 2893 567 2979 imperii
590 2906 728 3036 propter
749 2893 952 2956 nobilitatem
972 2913 1030 2978 ge-

37 2977 124 3038 neris
138 2975 346 3040 existimabat.
369 2975 505 3051 idcirco,
529 2975 642 3038 claude
670 2974 735 3038 inis
748 2976 938 3059 opprobriis
950 2977 1029 3040 Ser·
1063 3013 1068 3048 1

36 3060 152 3120 tarium
171 3058 257 3157 apud
275 3057 427 3122 credulos
446 3057 630 3131 onerando,
656 3071 777 3120 sortem
797 3077 884 3120 suam
899 3073 1029 3124 cetero·

35 3159 169 3224 rumque
189 3138 349 3203 maialiole
371 3137 522 3204 deflebat·
570 3139 646 3223 ,Quat
667 3142 756 3214 enim,
785 3139 908 3224 inquit,
941 3139 1030 3202 malas

32 3230 125 3304 genias
143 3245 173 3283 eo
190 3221 353 3285 calamitatis
373 3243 421 3282 raas
439 3219 585 3306 compulit,
608 3239 657 3294 ar,
680 3219 792 3294 Saliae,
814 3241 953 3284 terraram
970 3243 1038 3294 om-¹

34 3307 105 3364 rtirm
123 3307 262 3386 meisque
279 3305 427 3366 dominium
446 3305 595 3376 obtinenti,
623 3317 722 3384 parere
739 3302 894 3386 dedignati,
924 3305 970 3366 abi
991 3303 1028 3364 ii.

31 3385 121 3467 etaffet
138 3387 213 3446 darni
232 3383 422 3460 naturaiiter,
445 3385 526 3470 fitloa
545 3385 702 3466 dignitate,
725 3381 814 3466 salvis
830 3383 1026 3466 firmitatibus,

30 3473 57 3527 itt
74 3473 130 3530 atio
151 3467 267 3552 degere,
289 3467 442 3528 Sertorium
455 3466 620 3550 separantur,⁸
643 3484 680 3540 rr,
702 3461 885 3526 voluntariam
896 3467 949 3552 fieb
966 3471 1027 3528 irta-

29 3555 56 3610 ru'
71 3551 216 3610 libertatis
229 3547 318 3632 specie
349 3551 495 3613 eruitutem
514 3545 633 3630 arrtplexi
644 3587 653 3620 ,
685 3545 758 3608 dicta
779 3546 880 3630 exsttlit
899 3569 1028 3632 geramus

28 3632 155 3692 nmen?
188 3634 294 3714 egregio
327 3629 415 3690 cilicet
434 3635 574 3716 praemio,
603 3627 677 3710 qaod
700 3627 817 3689 ridicula
838 3630 959 3694 amitibus
976 3652 992 3690 a
1011 3670 1026 3684 -

23 3713 172 3794 pellariorte
185 3714 326 3776 Senatus
345 3731 488 3786 notaretur,¹
503 3711 556 3796 sab
574 3710 669 3770 decoro
687 3712 791 3770 tramitte
808 3733 862 3774 rtats
878 3719 966 3778 mittat
982 3647 1026 3774 b-

25 3797 116 3856 latam
136 3794 432 3876 toamneliaratoque,
460 3815 490 3858 aa
500 3791 532 3880 fi
547 3786 680 3857 Celtiberi
698 3809 747 3852 aar
761 3789 885 3878 bastiarti
901 3793 1022 3880 effeetus,

23 3878 221 3962 perferam!
283 3913 286 3918 Δ

54 4067 130 4142 Cap.
148 4067 217 4122 XX.
241 4063 369 4148 Strabo,
386 4063 407 4118 l.
425 4062 465 4146 ¹³:
483 4081 514 4138 p.
527 4063 590 4145 ⁶²⁷:
609 4015 698 4119 oros.
709 4061 846 4148 'Appiam
864 4063 928 4119 bia.
943 4062 1022 4187 Ἧι.

25 4140 107 4263 ξῖἕῑ.
115 4135 395 4274 sglrppillglgllnv.
405 4136 487 4208 Eptt.
505 4131 634 4208 lpptan.
652 4132 741 4192 cant.
753 4133 775 4190 1.
789 4153 814 4190 t·
851 4135 959 4207 Cepll
999 4133 1023 4188 1.
