2654 4690
297 275 357 352 aaa
402 245 1040 342 aurinansurrnunruronuu
1055 273 1132 338 nm.
1149 276 1240 338 mn.

126 482 161 539 Il.
222 487 333 553 muse
351 483 559 548 dediderunt.
600 489 686 558 Eos,
709 484 744 546 in
765 483 875 546 villam
896 483 1057 568 publicam
1077 485 1218 570 ingredi
1238 485 1305 562 ius-

181 503 206 538 C·

127 553 161 606 Α.
177 556 272 636 (blla.
298 587 372 640 sos,
406 568 499 651 quasi
528 569 616 630 inter
643 588 721 630 suos
748 566 870 630 milites
898 567 1141 710 descripturus,
1168 567 1305 636 ,eodem

296 663 463 734 tempore,
493 671 557 734 quo
571 665 727 712 senatum
752 650 785 710 in
812 648 926 709 aedem
942 650 1099 712 Balenae
1119 651 1306 712 convocari

293 730 434 812 jufferat,
455 731 672 796 crudeIIIIIme
690 730 882 796 trucidavit:
904 731 996 792 multi
1021 753 1061 794 ue
1081 733 1179 792 simul
1203 753 1306 816 paga·

294 813 345 885 ni,
370 813 425 897 qui
444 814 531 876 forte
550 813 667 878 eodem
683 825 859 883 venerant,
884 814 979 874 etiam
998 753 1210 876 dullanarum
1230 837 1306 898 par-

293 895 373 956 tium
390 893 556 970 homines,
578 897 760 980 perierunt.
804 895 951 978 Corpora
968 896 1003 956 in
1016 895 1167 959 Tiberim
1188 895 1308 982 proje-

293 990 344 1038 cta
364 992 449 1040 sunt.

146 1081 204 1158 isox
222 1113 283 1178 ejus
354 1103 466 1176 XVIII.
496 1103 581 1163 Dum
604 1113 691 1163 tanta
716 1096 888 1160 multitudo
908 1098 1074 1174 caeditur,
1104 1099 1179 1185 ipse
1201 1103 1310 1165 verba

111 1177 282 1256 &mimit-
295 1183 328 1246 in
349 1198 462 1246 senatu
482 1183 641 1246 iaciebat:
664 1181 882 1264 Patribusque
903 1181 944 1242 ad
962 1181 1156 1244 horribilem
1179 1185 1310 1246 tumul-

112 1258 193 1298 Μ’·
293 1277 359 1326 tum
388 1287 426 1328 ac
453 1269 644 1337 clamorem,
672 1277 721 1325 tot
743 1284 840 1348 quem
861 1261 961 1324 millia
983 1262 1117 1348 indigne
1135 1268 1310 1328 moritura

293 1347 444 1420 edebant,
467 1347 655 1425 exterritis3
679 1345 805 1416 eodem,
829 1343 1019 1429 quodicerc
1033 1361 1210 1432 coeperat,
1235 1349 1309 1410 rul-

291 1445 327 1492 tu
347 1433 504 1514 vocisque
524 1445 659 1503 tenore,
683 1430 744 1488 Hae
763 1435 853 1511 agne,
877 1425 993 1510 inquit,
1019 1430 1119 1490 Patres
1136 1431 1309 1512 conscripti.

293 1517 371 1580 pauci
382 1509 589 1594 fidiuosijuffu
605 1533 659 1570 meo
672 1514 839 1590 puniuntur.
883 1507 954 1610 Qua
978 1524 1085 1572 tantae
1106 1512 1312 1575 acerbitatis

291 1587 375 1656 'voce
398 1595 452 1654 vix
474 1593 649 1679 quidquam
672 1591 712 1654 ab
737 1592 805 1654 ullo
828 1591 961 1658 homme
983 1591 1104 1656 dictum
1121 1609 1219 1682 ¹puto
1241 1609 1313 1657 uu-

294 1677 466 1738 ualentius.

352 1801 438 1864 XIX.
468 1799 633 1862 Proximis
663 1799 783 1862 deinde
807 1795 919 1861 multis
947 1799 1062 1862 diebus
1092 1798 1218 1882 pallirn
1252 1818 1316 1882 per

291 1881 407 1944 urbem
436 1882 560 1950 caedes¹
578 1881 700 1954 factae,
733 1895 818 1944 tanta
847 1881 1031 1965 gladiorum
1056 1880 1222 1954 licentia,
1259 1895 1314 1951 ut,

237 1997 241 2004 ·
291 1987 388 2050 quem
414 1965 487 2050 quis
511 1959 630 2040 vellet,
661 1965 840 2027 occideret.
879 1964 1033 2026 inimicos
1058 1983 1135 2024 suos
1160 1963 1317 2024 maxime

290 2047 469 2123 tollebant3
501 2045 620 2110 deinde
664 2067 780 2108 uorum
802 2059 856 2108 aut
877 2045 1018 2130 dignitas
1040 2044 1230 2117 invidiam,
1262 2059 1319 2106 aut

290 2149 347 2190 res
368 2129 538 2192 familiaris
561 2069 713 2214 praedam
737 2129 931 2192 luculentam
954 2125 1140 2192 ostentabat.
1179 2126 1320 2188 Eadem

291 2210 364 2286 illa,
396 2213 485 2274 velut
508 2212 537 2274 si
563 2233 604 2273 no
628 2211 668 2273 ab
692 2211 774 2274 urbe
799 2211 894 2284 dato,
930 2231 992 2294 per
1020 2229 1149 2271 omnem
1178 2210 1320 2271 Italiam

292 2293 433 2373 fiebant3
469 2307 502 2355 et
523 2231 645 2378 ubique
667 2315 729 2378 per
752 2292 897 2355 colonias
919 2313 957 2354 ac
979 2292 1186 2375 municipia,
1253 2313 1319 2352 uos

292 2375 478 2438 adversatos
497 2377 605 2438 Sullae
626 2389 680 2438 aut
706 2375 880 2437 satellitum
904 2373 974 2454 ejus
996 2373 1094 2436 alicui
1113 2313 1321 2444 conbibat,

290 2457 548 2520 trucidabantur.
591 2459 729 2520 Plurimi
752 2455 939 2542 sanguinis,
962 2456 1017 2517 alii
1039 2455 1238 2540 spoliorum
1261 2477 1322 2517 cu·

316 2537 428 2602 iditatc
452 2539 569 2602 caedes
592 2541 843 2625 perpetrabant:
881 2552 974 2600 erant
1000 2552 1050 2610 et,
1085 2537 1141 2620 qui
1168 2539 1323 2620 pericu·

290 2560 357 2682 lum
375 2621 439 2684 sibi
454 2622 652 2698 metuebant,
679 2622 713 2684 ui
729 2623 866 2684 aliorum
884 2619 986 2682 exitio
1000 2617 1137 2680 [ludium
1155 2622 1323 2702 partium

291 2701 533 2788 significail'ent.
1263 2705 1268 2715 '

134 2832 163 2882 0·
175 2827 279 2882 Metelli
354 2829 424 2888 XX.
456 2827 601 2890 'I'andem
623 2827 659 2889 C.
679 2827 831 2890 Metellus
853 2825 982 2905 juvenis
1003 2823 1097 2886 ausus
1120 2821 1174 2906 est,
1199 2826 1241 2887 in
1267 2848 1325 2890 se-

108 2899 366 2979 ‘¹Q·⁶“{“¹²'natu
387 2911 595 2995 interrogare
612 2911 751 2981 Sullam,
781 2929 888 2989 ecquem
912 2930 976 2992 ergo
993 2907 1204 2990 fitppliciomm
1228 2909 1291 2989 fiu

109 2985 182 3022 ''⁰⁶‘'
210 2968 449 3072 ‘'l‘'staeur'ffet:
469 2993 536 3050 Nun
549 2997 637 3065 euim,
660 2991 785 3074 inquit,
807 2993 855 3052 hoc
869 2993 1065 3072 deprecamur,
1087 3009 1138 3061 ut,
1166 3011 1249 3070 quus
1271 2993 1309 3052 de

107 3055 164 3090 Μ’
288 3073 396 3150 cre-usti
417 3072 528 3145 tollere,
551 3079 666 3134 amatre:
691 3074 742 3152 jad
759 3093 808 3145 ue,
839 3093 906 3153 quos
924 3074 1094 3152 conjeruaros
1111 3076 1223 3152 cupis,
1260 3095 1325 3133 mo·

287 3158 409 3215 riantur.
435 3153 534 3234 Ajunt
554 3169 587 3218 et
605 3154 646 3239 Q
664 3155 811 3216 Catulum
829 3155 934 3238 palam
952 3151 1086 3228 dixiffc,
1112 3153 1193 3213 cum
1210 3162 1286 3236 qui

287 3236 396 3294 totidem
420 3243 522 3297 victum
544 3237 658 3317 flamm,
681 3239 712 3316 Ιμ’
729 3240 757 3294 iu
776 3235 845 3295 bello
864 3255 1004 3307 armatus,
1035 3238 1065 3294 in
1088 3251 1156 3314 pace
1187 3239 1313 3298 inerme

285 3317 452 3378 occidimur?
474 3320 558 3392 Tum
573 3331 714 3402 negante
730 3317 837 3390 Sulla,
859 3315 1032 3390 catullianum
1054 3315 1140 3374 adhuc
1158 3311 1227 3392 fitia·
1256 3319 1317 3394 effe

283 3395 380 3478 qulbus
400 3385 469 3461 vetii
485 3418 611 3477 parcere:
636 3399 776 3480 subjecit
786 3395 953 3460 Furlidius
966 3396 1203 3494 primipilaris,
1239 3393 1312 3465 Sul

284 3479 335 3541 lac
351 3474 552 3566 turp'illimua
572 3481 774 3555 adsentator,
797 3480 853 3564 qui
871 3493 946 3541 mox
963 3483 996 3541 in
1014 3479 1183 3562 petrtione
1200 3487 1313 3570 magi

263 3558 437 3625 'stratuum
459 3565 606 3648 egregiis
625 3563 813 3626 bominibus
834 3561 998 3646 praelatus
1017 3559 1079 3623 att:
1101 3563 1190 3646 Qin
1220 3571 1312 3650 r'gr'm

278 3645 363 3719 edis,
385 3667 451 3727 quus
470 3647 521 3706 uti
536 3653 636 3729 punire
652 3667 758 3708 certum
777 3645 838 3723 est?

321 3853 394 3922 cap.
413 3853 506 3908 XVII.
525 3853 680 3926 meapte.
697 3853 743 3928 Ap
765 3852 826 3908 ian.
844 3852 964 3924 Dionys.
983 3852 1041 3908 l.⁵.
1053 3852 1102 3906 fin.
1122 3853 1322 3926 Flor.3,21

287 3920 408 3976 Strabo.
428 3921 496 3977 Dio.
524 3923 598 3996 Cap.
609 3925 716 3980 XVIII.
763 3940 822 3976 ros.
833 3923 860 3988 5,
872 3941 915 3975 aa.
932 3923 1010 3978 Plut.
1027 3923 1132 3978 Senec.
1144 3922 1185 3977 (le
1196 3925 1308 3984 Bene

287 3989 314 4060 ὅ,
327 3995 368 4050 ι6.
388 3989 456 4044 Dio.
475 3994 562 4048 Oros.
583 3995 650 4050 Vel.
667 3994 745 4047 Max.
762 4009 788 4061 9,
808 4011 832 4047 ι.
851 3991 920 4045 Dio.
958 3993 997 4047 Ca
1023 3992 1123 4046 .XIX.
1144 3994 1284 4052 Lucan.
1314 4028 1327 4045 Δ.

176 4127 179 4134 ’
287 4079 318 4116 v.
337 4063 395 4130 196.
422 4059 499 4114 Plut.
528 4061 633 4116 Senec.
655 4061 692 4116 de
710 4062 852 4116 clement.
872 4079 903 4128 1,
923 4077 963 4117 ra.
992 4009 1080 4115 gros.
1106 4061 1194 4118 Flor.
1231 4069 1322 4122 Plut

66 4161 70 4171 ι
286 4131 362 4202 Aug.
379 4127 415 4183 de
429 4130 494 4184 Cir.
513 4130 568 4184 Dei
606 4133 632 4196 d,
652 4130 784 4189 muto.
828 4131 971 4204 cmxxx
1005 4129 1082 4192 Plut.
1104 4132 1197 4188 Oros.
1218 4137 1323 4194 Flor-

286 4198 364 4254 Plut.
383 4199 472 4260 Oros.
491 4168 602 4259 sutul.
623 4199 692 4260 nist.
711 4223 737 4262 a.
753 4199 785 4256 in
800 4209 877 4259 orat.
892 4152 1009 4276 capili.
