2734 4688
307 269 370 340 dre
420 261 1287 336 FREthrt.sueeuuunttuouuuura.bx111.
1341 267 1342 280 ¹

152 479 175 534 U
234 477 345 540 suedis
367 477 448 538 mari
466 477 547 558 juris
565 477 765 547 habuerant,
790 473 975 538 redditum:
1007 454 1191 560 civitasque
1212 475 1303 538 libers

154 552 191 602 Α·
203 549 236 604 C·
252 551 296 617 ⁶9·
313 559 377 620 elle
397 573 430 621 et
447 559 514 620 suis
531 558 580 621 uti
600 559 729 640 legibus
747 556 823 638 julla
844 553 898 620 ess.

135 685 300 754 Lucuth'jn·
373 664 487 729 Lxlv.
511 663 555 726 At
570 661 724 724 Lucullus
744 663 941 746 imperator,
964 661 1065 722 rebus
1085 660 1246 744 gerendis
1262 662 1302 721 in·
1341 687 1342 732 g

118 757 198 820 stitia
213 761 238 805 et
250 755 297 807 tu·
313 759 441 818 tentus,
464 766 529 804 non
551 745 650 806 armis
668 742 785 817 ruodo,
817 743 876 805 sed
893 740 1032 821 justitiae
1054 757 1086 804 et
1104 741 1303 804 humanitatis

122 824 253 878 mim·
311 827 512 889 blandillima
541 827 594 900 vi,
633 825 790 888 barbaros
826 821 898 886 subi
924 823 1008 884 ebat.
1064 823 1304 906 Tigranocertis

98 935 100 940 ’
311 911 427 971 multas
454 906 582 969 nobiles
607 905 746 970 seminas
772 920 880 991 captas
901 845 1123 968 honestissimo
1146 903 1304 966 habuerat.

310 1011 373 1075 per
393 991 451 1052 bas
472 989 579 1050 mariti
599 1009 710 1052 earum
728 987 859 1055 adducti
878 1001 953 1048 sunt
972 987 1005 1048 in
1024 985 1142 1064 fidem3
1166 1005 1250 1070 quoa
1263 987 1305 1046 iu·

311 1085 364 1135 ter
380 1070 561 1134 Antiochus
586 1073 821 1152 Commagenus
841 1089 901 1129 rex
920 1067 998 1142 luit,
1022 1083 1055 1131 et
1079 1067 1218 1152 regulus
1236 1070 1304 1128 Ara-
1341 1095 1342 1098 ¹

312 1155 389 1216 burn
407 1143 684 1215 Alcmaeoniae>
709 1149 883 1214 Armeniae
905 1171 1036 1233 quoque
1055 1149 1184 1212 'multae
1208 1163 1305 1232 partes

315 1257 351 1298 se
371 1232 587 1307 dediderunt,
619 1231 847 1316 Sophenorum
871 1245 939 1293 totu
962 1233 1069 1314 natio,
1101 1245 1136 1294 et
1154 1230 1246 1314 regis
1262 1230 1302 1290 sui

316 1317 422 1380 casum
444 1315 561 1377 acerbe
585 1314 731 1377 serentes
753 1313 930 1394 Gordyeni.

132 1421 296 1496 'sarstono
378 1422 479 1489 LXV,
508 1419 688 1483 Zarbienus
707 1422 736 1482 is
754 1420 879 1493 fuerat,
911 1419 991 1500 jam,
1023 1433 1062 1480 ut
1097 1417 1301 1490 raedixiruus,

123 1498 199 1580 suf!
230 1511 303 1550 ω’·
318 1495 379 1591 pei·
394 1505 457 1587 Ap.
474 1501 643 1564 Claudium
664 1501 833 1580 adjunctus
853 1501 1008 1574 Lucullo,
1031 1441 1145 1564 etboc
1167 1501 1302 1572 crimine,

128 1581 219 1637 lum·
339 1584 480 1668 ollquam
506 1604 561 1644 res
589 1583 720 1666 prodita
747 1581 810 1656 eil,
843 1583 882 1644 ab
910 1584 949 1644 'ri
974 1603 1052 1644 rane
1084 1583 1303 1667 interemptus.

315 1611 403 1730 huic
423 1664 570 1748 insignes
588 1665 759 1750 exsequias
777 1665 931 1727 Lucullus
949 1603 1046 1737 iecit,
1073 1669 1188 1724 amicum
1196 1663 1301 1744 flacian-

218 1795 229 1815 ,-
316 1769 367 1832 que
390 1745 481 1826 populi
507 1749 619 1806 Romaiu
645 1747 831 1832 appellans,
862 1761 1172 1830 monumentumque
1197 1745 1305 1807 locarit

318 1827 619 1914 splendidillimum.
661 1833 740 1890 Nam
759 1828 793 1888 iu
813 1827 974 1890 thesauris
994 1829 1062 1909 ejus
1082 1829 1155 1888 auri
1176 1825 1306 1911 argenti·
1341 1859 1342 1880 κ

318 1931 381 1996 que
400 1931 544 1996 magnam
561 1911 626 1972 vim
644 1923 833 1994 repereram
858 1920 1027 1994 praeterea
1046 1909 1173 1972 conditi
1191 1911 1224 1970 iu
1239 1908 1307 1970 bor-

320 1995 388 2056 reis
408 1991 564 2054 frumenti
579 1991 816 2053 medimuorum
833 1991 947 2053 tricies
968 2005 1105 2054 centena
1123 1991 1237 2054 millia.

144 2117 309 2189 Parttaspa·
383 2099 498 2164 va1.
530 2098 678 2182 Cognitis
701 2096 820 2160 deinde
840 2097 951 2180 regum
975 2097 1015 2158 ad
1034 2097 1208 2160 Phraatem
1229 2097 1307 2179 lega·
1341 2091 1342 2122 l

134 2187 308 2270 sirmasqml·
322 2181 479 2254 tionibus,
501 2179 570 2264 ipse
588 2200 717 2263 quoque
736 2179 900 2241 sociorum
919 2179 1094 2244 nonnullos
1112 2179 1152 2242 ad
1170 2199 1241 2242 eum
1256 2178 1308 2238 rui-

132 2255 308 2320 llltdtsttm·
323 2265 384 2337 sit,
417 2276 452 2322 ut
478 2261 650 2336 amicitiam
681 2263 712 2322 ei
735 2264 910 2323 Romanam
939 2261 1106 2322 utiliorem
1133 2261 1219 2332 bello
1242 2259 1306 2320 lore
1341 2319 1342 2330 2

132 2337 190 2380 Μ·
323 2343 538 2408 ostenderent.
590 2343 747 2416 Parthus,
780 2343 862 2404 utris
889 2363 928 2402 ue
955 2363 1014 2426 spc
1041 2343 1208 2405 societatis
1236 2343 1308 2402 elam
1341 2375 1342 2400 1

322 2427 425 2498 faeta,
455 2427 579 2508 legatos
602 2425 734 2489 dimisit.
785 2363 935 2498 Deinde,
968 2445 1068 2508 quum
1086 2425 1308 2486 millusabu·

320 2508 408 2570 *cullo
428 2507 584 2568 Sextilius
603 2505 757 2579 resiliet,
780 2506 886 2576 virum
905 2506 1078 2568 militarem
1093 2507 1133 2568 ad
1149 2505 1308 2590 speculan-

319 2589 398 2658 ,dum
415 2589 561 2674 regionis
581 2589 764 2672 viriumque
782 2587 926 2648 habitum
943 2589 1103 2652 acc'effille
1123 2589 1307 2672 suspicatus,

276 2729 278 2738 ,
321 2689 429 2756 neque
445 2669 596 2755 promilla
611 2671 765 2731 Romanis
785 2670 913 2746 auxilia,
934 2689 1041 2754 neque
1059 2684 1172 2732 contra
1190 2690 1246 2732 eos
1262 2689 1308 2728 re·
1341 2689 1342 2692 ¹

322 2754 418 2838 gibus
437 2753 542 2813 misit:
577 2751 683 2836 quod,
715 2752 782 2814 illis
805 2752 892 2813 inter
914 2771 988 2815 sese
1006 2751 1223 2825 bellantibus,
1252 2749 1309 2811 sibi
1341 2775 1342 2820 ς

322 2823 535 2898 certillirn‘um
563 2851 636 2894 cum
661 2835 836 2896 securitate
862 2835 1113 2897 emolumentum
1138 2832 1309 2918 polliceba-
1341 2881 1342 2904 2

321 2929 384 2979 tur.
426 2921 542 3000 Neque
566 2915 722 2998 impunita
746 2916 777 2976 ei
805 2912 915 2978 allutia
939 2931 1104 2989 maneret,
1137 2917 1172 2976 ni
1190 2911 1310 2977 Luculli

321 2997 462 3060 animum
482 2996 610 3080 ignaria
630 3010 663 3058 et
682 2995 802 3058 seditio
820 2997 971 3062 militaris
992 2995 1189 3062 destituiffet.
1211 2997 1310 3088 Quum
1341 3007 1342 3052 1

321 3079 409 3140 enim
433 3079 489 3141 ille
513 3075 553 3138 ad
575 3078 760 3140 sonnatium
787 3092 982 3164 ceterosque
1005 3080 1130 3164 legatos
1156 3098 1193 3140 ae
1214 3077 1311 3160 tribu·
1341 3105 1342 3108 ¹

322 3180 383 3221 nos
409 3181 485 3223 suos
508 3159 708 3253 scripsillet,
737 3159 852 3222 adduci
873 3161 1006 3239 jubens,
1039 3183 1118 3245 quas
1141 3161 1312 3244 reliquerat
1341 3191 1342 3230 3

322 3242 355 3303 iu
370 3243 496 3315 Ponto,
518 3259 646 3336 copias,
671 3241 758 3325 quod
776 3263 837 3338 per
855 3243 1049 3324 Gordyenen
1068 3243 1102 3303 iu
1117 3241 1254 3304 Parthos
1271 3239 1310 3298 ir·
1341 3275 1342 3316 3

321 3343 474 3407 rumpere
494 3321 676 3405 cogitabat,
699 3322 807 3386 dilatis
829 3323 959 3386 iuterim
977 3325 1119 3408 Tigrane
1141 3339 1175 3386 et
1189 3321 1311 3384 Mithri·
1341 3329 1342 3360 l

323 3403 397 3467 date
417 3405 571 3490 regibus;
604 3405 725 3467 milites
750 3426 857 3490 neque
880 3405 919 3467 ad
942 3407 1112 3470 Lucullum
1139 3407 1243 3468 ituros
1262 3421 1311 3464 re·
1341 3405 1342 3480 ἦ

321 3487 547 3572 sponderent,
570 3505 676 3569 neque
698 3487 820 3550 diutius
840 3487 969 3550 suturas
991 3490 1024 3549 in
1043 3487 1231 3572 praesidiis.
1341 3487 1342 3490 ’

174 3591 302 3678 diditus·
354 3661 358 3670 Ι
386 3593 514 3656 LllVll.
546 3591 642 3688 Quod
663 3595 718 3658 ubi
737 3597 772 3656 in
793 3585 904 3657 celliis
923 3593 1050 3654 Luculli
1070 3590 1116 3654 cll
1137 3591 1316 3676 cognitum,

27 3673 33 3688 “
123 3663 312 3748 ,δ’δῑῑῑθῐθθνθ·
326 3673 441 3738 eadem
461 3675 660 3738 contumacia
685 3679 719 3738 in
739 3676 945 3762 praesentem
969 3677 1148 3737 exercitum
1169 3669 1318 3758 peruasit.

126 3749 177 3787 m·
324 3775 437 3820 omues
458 3755 572 3816 mirari
591 3775 628 3818 ac
646 3758 769 3820 laudari
786 3757 1000 3820 Ponticorum
1022 3756 1159 3818 militurn
1181 3757 1318 3817 animos:
1341 3799 1342 3808 ,

324 3836 593 3912 besanensem,
628 3839 676 3900 bus
701 3845 776 3900 viros
803 3839 928 3903 dicere.
965 3859 1001 3900 ur
1015 3839 1067 3922 sc,
1099 3858 1155 3898 rom
1209 3857 1234 3896 m
1252 3835 1320 3894 viiia

252 3979 253 3983 ,
323 3921 467 4000 muricipis,
489 3937 650 4000 quecumque
670 3924 785 4002 inquieti
806 3923 908 3982 domiui
926 3921 1088 4003 cupiditates
1101 3857 1251 4002 julliilim
1264 3915 1321 3997 sub

323 4153 325 4158 .
354 4105 433 4184 ¹Cap.
448 4103 549 4188 nutv.
568 4106 645 4188 Plut.
665 4105 734 4188 ¹³³⁰.»
749 4105 770 4160 l.
781 4107 833 4186 35.Ι
845 4106 940 4188 l'lut.x
959 4106 1033 4178 Cap.
1048 4107 1151 4162 LXVI.
1170 4105 1319 4168 hlamuon.
1341 4117 1342 4124 ¹

324 4174 394 4232 Dio.
415 4174 542 4249 Appiana.
562 4177 631 4234 Dru.
650 4173 779 4249 bppran.
798 4178 866 4232 Dio.
884 4175 962 4234 Plut.
982 4177 1109 4250 Eutrop.
1126 4173 1201 4233 slat.
