2682 4676
232 287 449 376 mnocpu
471 288 553 352 nm.
578 288 723 353 nxusx.
744 259 857 358 nvn.
997 309 1035 373 qt
1074 267 1099 342 f
1152 257 1177 290 ”

35 499 99 590 reri,
121 515 219 592 quous·
232 516 276 570 ur,
293 475 350 637 p'ro
373 498 508 592 continuis
526 495 662 558 laboribus
678 518 708 559 oc
724 497 853 596 pnifulio
861 497 933 594 suls,
959 483 1035 560 ludu
1060 491 1207 620 Rege.
1247 471 1251 495 ¹

28 575 1034 740 trasennamuersaturtanne·
1083 599 1099 672 ι·
1134 599 1144 620 ·
1176 579 1202 632 ⁷·

88 763 202 824 xxn.
224 763 318 826 Haec
340 763 484 839 Latinis,
526 777 559 827 et
579 764 608 828 si
634 767 690 850 qui
718 765 773 826 alii
824 783 861 826 ro
881 765 1037 828 Romanis
1068 772 1223 842 tranqua-

34 842 197 906 adrersus
220 845 332 906 socios
356 843 524 920 steterant,
549 843 750 910 dicebantur.
793 787 835 908 dt
854 845 938 934 apud
955 840 1199 912 alioslt'imssb'·

34 925 197 1008 populos,
232 928 290 1012 qni
317 928 435 1012 positis
455 928 554 989 armis
579 929 705 1012 recepti
725 925 758 988 in
781 927 946 990 civitatem
965 927 1037 1004 su07

34 1021 117 1080 rant,
142 1007 226 1091 plus
251 1007 356 1070 adhuc
374 1009 493 1071 irarum
513 1023 593 1073 erat.
636 1009 791 1093 Acceptis
817 1031 922 1094 nuper
936 1009 1038 1072 eladi-

33 1087 106 1160 bus,
145 1090 304 1150 nondum
338 1090 378 1151 ad
406 1092 593 1154 cicatricem
621 1105 817 1176 pervenerat
841 1093 974 1163 vulnut,
1004 1105 1037 1156 et

33 1187 131 1232 norae
158 1171 308 1255 injuriae
326 1193 423 1234 sensu
441 1175 613 1238 violentius
631 1173 892 1236 recrudescebat.
936 1176 1036 1236 Prae·
1068 1189 1201 1246 Diversus

33 1251 148 1334 cipue,
205 1275 347 1338 quorum
373 1253 533 1339 postremo
559 1257 697 1318 tumultu
726 1254 892 1317 interfecti
916 1252 1196 1354 fratressleaaffar.

32 1333 174 1396 liberive
207 1336 249 1397 ab
276 1335 462 1399 Octauianis
491 1337 640 1410 inerant,
672 1337 832 1399 uindictae
860 1335 1036 1423 cupiditate
1242 1349 1247 1356 '

31 1412 227 1498 flagrabant.
276 1417 342 1480 Sed
371 1434 403 1481 et
430 1421 579 1492 exsules,
612 1439 748 1503 quorum
775 1419 1037 1502 plerosque,non
1073 1457 1078 1462 .
1195 1419 1201 1440 ²

31 1497 116 1557 sliam
144 1499 196 1560 ob
219 1519 367 1562 caussam
385 1501 467 1566 urbe
489 1503 603 1588 pulsos
625 1499 812 1582 credebant,
835 1521 929 1585 quam
947 1497 1037 1584 quod

31 1578 141 1641 farere
171 1581 249 1642 illis
277 1595 487 1666 putarentur,
516 1583 750 1669 quamprimum
780 1581 911 1658 reduci,
940 1579 1035 1646 valdo

31 1659 262 1723 existimabant
281 1663 320 1724 ad
340 1665 484 1728 rationes
504 1687 577 1755 suas
603 1667 782 1750 pertinere.

82 1769 213 1831 xxm.
248 1767 356 1864 Quum
375 1769 430 1834 bic
451 1772 593 1834 omnium
611 1791 726 1834 sensus
744 1785 843 1845 esset,
865 1769 952 1834 hund
969 1767 1037 1832 dii·

30 1845 156 1912 ficnlter
188 1851 347 1918 obtinere
368 1855 469 1916 Cinna
487 1854 613 1938 potuit,
647 1868 681 1914 ut
699 1851 783 1916 diota
810 1875 866 1916 suo
886 1853 1043 1921 lavantes·

30 1932 248 2015 exciperent:
288 1934 447 2021 brevique
474 1949 623 2020 tempore
646 1935 887 1998 formidabilem
910 1931 1034 1998 civitati

29 2015 217 2094 potentiam
240 2018 451 2101 comparavit.
471 2058 474 2066 ‚
493 2021 573 2080 Nam
592 2037 700 2102 neque
720 2017 790 2080 itali
808 2016 954 2101 segniter
973 2035 1041 2099 pe·¹
1089 2054 1091 2058 ν

30 2097 154 2160 suniam
185 2097 349 2182 virosque
377 2097 594 2182 praebebant,
624 2113 656 2162 et
681 2095 865 2160 adnuebant
890 2098 929 2160 ab
952 2095 1035 2162 urbe

30 2178 207 2256 quotidie,
303 2181 375 2242 ib‘us
412 2201 568 2263 praesens
585 2222 588 2230 ·
606 2179 793 2264 respublica
828 2175 1034 2262 displicebat.

30 2258 177 2336 idcirco,
208 2283 251 2322 ex
290 2261 448 2326 electibus
471 2282 630 2325 novorum
645 2263 764 2324 civium
781 2261 915 2359 triginta
930 2260 1036 2404 18ῗο-

30 2343 118 2402 nibus
141 2341 305 2418 effectis,
339 2358 374 2406 ut
396 2345 620 2406 auctoritatem
637 2358 733 2428 atque
776 2358 889 2406 ranam
907 2342 972 2404 viri
996 2363 1035 2406 us

30 2423 187 2498 adderet,
233 2425 271 2488 C.
297 2425 435 2486 Marium
460 2439 655 2510 ceterosque
681 2365 809 2490 exsudes
829 2424 870 2488 ad
891 2444 1058 2490 commu·-

28 2505 161 2567 nionem
189 2507 409 2570 consiliorum
436 2521 469 2570 et
489 2507 560 2589 spei
586 2505 745 2572 evocarit.
910 2498 913 2514 '

81 2613 217 2676 xxlv.
245 2616 373 2690 Interea
396 2615 454 2676 Cn.
474 2612 645 2686 Octavius,
676 2615 713 2676 L.
734 2613 858 2676 Merula
880 2611 1033 2674 consules
1066 2625 1193 2682 consutos

30 2691 197 2756 adversm
228 2697 396 2778 provisam
425 2709 489 2758 tens
515 2693 642 2757 eiiatem
668 2694 768 2756 fossis
796 2693 1032 2776 moenibusque
1047 2695 1171 2762 maalon

29 2775 234 2858 reparandis
252 2777 437 2840 muniebant
455 2717 589 2838 nibem:
612 2775 774 2838 machinas
797 2776 878 2838 locis
899 2774 1033 2836 idoneis
1047 2765 1150 2820 ΜΝ·

29 2857 277 2941 disponebant:
312 2872 362 2931 et,
399 2859 474 2943 quia
500 2871 565 2920 non
592 2857 940 2942 abundabantcopiis,
961 2858 1033 2919 Me·

29 2941 179 3024 ulloque
233 2943 326 3002 rocul
355 2955 470 3024 agente
499 2941 596 3023 longa
619 2961 694 3025 spes
724 2939 916 3001 auxiliorum
941 2951 1031 3011 erat,

29 3021 151 3084 circum
174 3043 218 3082 ur
245 3023 441 3108 es'impesio
458 3037 611 3107 parentes
634 3037 666 3084 et
687 3023 721 3086 in
740 3021 934 3106 Cisalpinam
956 3020 1034 3086 Gal·

29 3103 100 3164 liam
121 3103 348 3177 minitando,
371 3105 548 3168 exercitum
567 3103 809 3167 contrahebant.
955 3107 956 3114 ’
1054 3167 1058 3180 ,

85 3186 204 3248 XXV.
227 3185 281 3248 Ad
297 3188 354 3249 Cn.
375 3207 504 3270 qnoque
524 3186 715 3270 Pompejum
736 3183 966 3269 proconsulem
984 3181 1032 3246 le·
1063 3181 1201 3266 5⁸]va

30 3270 87 3348 gni
108 3268 272 3342 iverant,
296 3269 351 3352 qu'i
371 3267 411 3329 ad
428 3268 630 3330 Adriaticum
650 3287 757 3338 mare,
792 3266 849 3326 ubi
873 3264 1032 3348 reliquiae
1044 3269 1137 3369 ''iub''
1158 3265 1187 3302 Μ

30 3349 132 3410 adbuc
160 3349 356 3411 Italicorum
378 3353 422 3414 Μ.
440 3351 641 3433 Lamponio,
675 3351 727 3411 Ti.
748 3348 876 3431 Cleptio
895 3345 1032 3409 ducibus
1046 3337 1111 3374 Μ’
1128 3335 1184 3440 ¹¹:¹⁶

27 3433 192 3514 agebant,
218 3425 380 3516 exercitui
401 3436 546 3494 Romano
570 3445 731 3515 praeerat.
775 3428 841 3490 Sed
859 3429 934 3500 itte,
958 3427 1033 3513 quin
1045 3405 1165 3444 'mn'

28 3512 209 3576 frustratus
230 3533 291 3596 spe
309 3513 518 3580 continuandi
540 3514 726 3586 consulatus
743 3513 867 3590 fuerat,
889 3509 972 3574 nihil
994 3511 1034 3574 ad

27 3593 292 3680 rempublicam,
323 3595 382 3658 sed
410 3595 449 3656 ad
470 3615 559 3656 suam
577 3595 748 3656 utilitatem
771 3595 877 3655 omnia
897 3591 1035 3654 consilia

28 3679 210 3748 referens,
248 3675 293 3737 ita
313 3697 348 3738 se
369 3676 501 3739 dubium
517 3689 560 3758 ,et
582 3677 841 3758 interutrosque
859 3673 1035 3815 ancipitem

29 3760 154 3840 gessit,
178 3772 220 3820 ut
242 3759 403 3822 Cinnanae
411 3759 576 3838 factioni,
598 3779 692 3844 quam
707 3759 746 3820 ab
765 3757 860 3820 initio
877 3755 939 3818 iaci
955 3755 1031 3817 lime

57 3948 137 4020 Cap.
152 3945 270 4001 xxm.
287 3945 364 4002 Plut.
379 3947 455 4002 Mar.
474 3943 601 4070 Appiani.
618 3943 769 4014 Velleius,
798 3961 825 4000 n.
843 3961 887 4000 so.
909 3941 972 3998 niv.
996 3941 1035 3995 E·
1147 3923 1150 3934 ⁹

33 4017 75 4087 pit.
117 4019 201 4088 Cap.
219 4016 325 4071 xxIV.
350 4015 393 4088 Ap
418 4014 474 4070 ian.
520 4016 610 4072 alluit.
627 4014 706 4086 apud
729 4015 879 4079 Servium,
899 4013 1033 4068 Aen-10.

34 4087 361 4224 qqqooaeoqlzfiqp
411 4087 474 4144 XV.
488 4085 618 4182 Appian.
631 4083 840 4158 uiodruo'tog.
855 4082 876 4138 1.
894 4081 939 4148 37.
955 4076 1035 4138 Veli.
1066 4159 1069 4168 Ι
