2666 4688
205 291 245 352 ΙΝ
266 287 417 352 LOCUM
433 289 514 352 LlB.
532 287 692 353 Lxxvtt.
710 287 822 395 Livii.
961 301 1002 372 ἠγ
1112 242 1115 270 Ι

48 497 145 580 genium
162 495 253 557 etiarn
280 493 531 578 facundiamque
549 515 567 555 a
588 493 687 556 bocia
711 493 817 558 initii:
835 509 869 558 et
887 496 1005 558 rectia·
1034 485 1177 552 ⁰·⁰·⁶⁶l·

49 579 260 641 sinaroluntate
272 576 313 638 ad
324 575 479 660 ancipitia
493 590 526 639 et
536 595 634 660 prava
644 577 867 640 transtuliss‘et.
906 581 1006 642 Prae·
1033 559 1071 612 Δ·
1084 553 1173 612 ⁰⁸⁸⁸·

50 664 130 744 upote
153 660 289 744 Sulpicii
308 659 453 720 actiones
473 672 585 732 erant,
620 679 653 718 :tt
667 658 791 742 eaffln,
814 659 913 742 quibus
929 659 1006 744 :aust
1038 649 1159 730 Erepto:

47 745 161 825 toliere
169 741 352 822 enuticut'ffee,
375 761 571 800 revocarentur
583 763 593 812 ς
604 745 667 800 :toti
675 745 745 802 cives
758 741 934 824 libertinique
946 744 1006 804 dis.
1018 717 1164 840 ''25‘'st

55 827 197 883 :tuerentur
206 827 363 904 :requieque
370 843 399 882 e:
407 825 522 905 triginta
529 821 751 896 occurentibus:
764 843 791 884 et
801 821 891 904 cujus
902 825 1007 909 gratie
1019 797 1045 840 η
1076 797 1121 842 ‘l'

56 920 125 968 cetu:
136 903 264 978 liabent,
295 905 329 968 C.
342 905 441 966 Mario
450 904 680 966 Mithridaticum
695 903 1005 972 lellumdecerumtur.

92 1037 156 1100 ΠΗ.
177 1010 265 1112 Sed',
300 1035 426 1098 exsules
451 1055 493 1097 ne
519 1033 778 1110 reducerentur,
807 1035 876 1122 iple
900 1057 1007 1122 nuper

52 1119 249 1180 intercelierat:
269 1116 333 1200 jam
351 1117 513 1180 immutata
529 1117 713 1192 voluntate,
736 1117 836 1180 verba
851 1119 1007 1182 cavillan-

50 1199 219 1262 intendem
238 1203 348 1283 legem
375 1199 558 1274 referebat,
595 1221 648 1260 uus:
676 1197 781 1274 cellule:
809 1201 871 1284 use
889 1201 1004 1276 reduci,

45 1283 108 1362 tunt
122 1285 228 1360 eJ'ectus,
253 1281 443 1345 dictitando.
471 1283 564 1366 quari
586 1302 651 1342 non
672 1271 772 1344 iidem
789 1283 907 1350 allent.
931 1297 1007 1346 utro
1104 1349 1117 1360 ,

45 1365 143 1424 nonine
164 1366 427 1450 appellarentur:
457 1377 512 1426 aut
530 1363 614 1448 quali
634 1363 675 1428 tle
701 1365 857 1438 vocibus,
879 1363 1006 1428 nonde

46 1447 133 1518 rebus,
172 1444 392 1510 controverlia
419 1445 454 1508 in
487 1445 656 1544 republica
686 1447 774 1512 effet.
815 1447 1007 1510 Libertinot

45 1543 138 1603 arun,
175 1543 206 1590 et
234 1531 295 1625 qui
318 1527 416 1590 :nodo
446 1525 487 1590 de
514 1527 614 1590 lucii:
639 1528 718 1592 lacti
743 1527 834 1592 cirea
855 1529 1006 1600 luerunt,

45 1611 98 1671 ideo
120 1609 264 1674 diliribut
289 1612 325 1672 in
351 1624 482 1674 veteres
505 1611 612 1672 tribua
635 1609 785 1682 volebat,
814 1625 849 1672 ut
872 1611 948 1696 plue
972 1611 1008 1672 in

46 1691 99 1751 lnffr
132 1695 170 1755 ii:
190 1693 325 1756 illorum
346 1693 478 1756 roboria
503 1693 593 1756 effer.
630 1693 752 1777 quippe
773 1691 924 1756 homine:
941 1693 1006 1756 oal-

46 1713 135 1846 lidii
150 1775 227 1850 hoe,
250 1795 390 1837 numero
411 1773 579 1838 veteribus
598 1773 725 1836 civibus
741 1773 839 1836 facile
858 1775 1006 1858 inperio·

45 1877 93 1930 res,
110 1860 172 1936 jure
190 1859 399 1942 aequall'ent,
420 1856 501 1919 nihil
517 1857 596 1932 lore,
610 1855 840 1928 existimabant,
862 1857 951 1941 quod
966 1855 1006 1918 ii·

45 1937 118 2002 lorum
133 1961 230 2025 opera
249 1961 318 2000 non
341 1939 614 2024 adsequerentur:
636 1951 687 2012 et,
710 1959 775 2024 quo
799 1941 927 2002 minore
947 1959 1005 2000 ne·

45 2023 108 2098 gotio
122 2043 183 2084 rem
203 2021 430 2107 perlicerent,
461 2021 610 2084 debello
628 2019 853 2084 Mithridatico
879 2021 1006 2082 interea

46 2103 164 2166 ilentiutn
188 2103 342 2188 agebant.

83 2237 125 2302 lt.
144 2239 190 2298 Ne
217 2233 261 2298 lio
292 2249 401 2298 tamen
430 2247 546 2298 tenere
578 2234 788 2318 propositum
815 2243 1005 2318 potuerunt.
1038 2231 1161 2318 Sullane

74 2338 112 2376 nn
125 2317 153 2378 ei
169 2318 339 2402 rogationi
353 2331 484 2382 vetere:
501 2319 591 2381 cives
634 2317 805 2380 raelraetia
821 2313 936 2376 animia
953 2335 1006 2376 re·
1021 2305 1118 2356 mim
1130 2305 1184 2358 Μ·

45 2335 165 2474 lierent,
185 2421 313 2484 reaque
328 2399 492 2462 interdum
508 2399 548 2462 ad
566 2339 663 2462 iulio:
685 2413 718 2462 et
743 2397 814 2460 saxa
833 2397 1006 2482 pervenis·
1020 2373 1161 2496 xm*

46 2495 89 2552 set,
107 2483 138 2544 L·
154 2483 243 2546 Sulla
265 2482 347 2542 ado
372 2503 423 2544 em
447 2481 649 2566 reipublicae
673 2481 861 2552 ferendam,
882 2479 922 2540 ab
943 2481 1007 2540 lta·
1084 2475 1091 2492 '

44 2559 156 2626 licihelli
174 2562 318 2626 coniicie
365 2565 394 2626 ia
421 2565 595 2648 reliquiie,
622 2563 730 2629 alieno
749 2577 898 2646 tempore
917 2561 1007 2622 avul-

46 2641 78 2702 lns
91 2644 134 2706 eit.
174 2645 404 2712 Vehementer
427 2647 514 2710 enirn
535 2647 658 2708 :cellite
680 2645 842 2708 sociorum
863 2644 954 2706 vireo
972 2663 1006 2704 e·

45 2741 98 2787 rant.
131 2729 333 2813 [amponius
359 2743 481 2792 tantum
502 2742 536 2792 et
554 2727 703 2814 Cleptiu:
728 2747 801 2790 cunr
851 2737 920 2786 arte
942 2726 1007 2784 Lu-

46 2826 155 2872 canorum
173 2825 270 2874 erant
285 2812 320 2872 in
340 2812 456 2873 armia:
491 2811 720 2894 Samnitesque
741 2823 774 2871 et
794 2749 916 2872 Salinelli
941 2811 1009 2870 No·

49 2887 256 2958 uictricia:
281 2893 386 2956 Nolae
412 2893 606 2957 retinebant.
648 2893 752 2976 igitur
783 2891 871 2954 Sulla
918 2887 1007 2950 role-
1102 2960 1104 2969 Ι

52 2973 211 3052 usiamad
228 2977 434 3052 exercitum,
464 2976 522 3060 qui
539 2973 653 3038 Nolam
677 2971 858 3044 oblidebat,
894 2983 1007 3034 uerat:

48 3059 220 3204 queptiqquq
240 3059 416 3202 plqrieque
440 3057 529 3122 eirea
554 3043 743 3144 piaelidiia,
778 3053 865 3118 haud
890 3051 1007 3140 procul

62 3157 86 3196 n:
115 3161 196 3204 era
222 3161 310 3204 era.
1142 3165 1159 3198 κ

82 3269 112 3330 l.
131 3271 214 3346 Sed,
243 3270 374 3334 urbano
401 3271 541 3334 tumultu
565 3271 742 3344 excitatur,
772 3267 917 3332 accurrit
937 3269 1006 3330 Ro·
1036 3267 1148 3352 Romu»

50 3365 112 3422 nan,
137 3367 170 3416 nt
191 3355 358 3438 collegam
374 3353 557 3418 tribunitii:
578 3353 746 3416 iuroriltut
770 3371 808 3414 re
832 3348 1151 3435 ugnantem⁴““''“·

50 3427 180 3506 adiuvaret.
225 3435 374 3499 Conlilio
387 3450 493 3500 tamen
509 3457 558 3497 ma
583 3437 623 3508 ie,
645 3455 740 3520 quam
754 3437 819 3497 virt
843 3455 892 3504 ua,
914 3451 1007 3516 grae-

50 3515 88 3572 un·
97 3518 229 3610 placuit:
253 3539 299 3580 ne
316 3517 441 3616 patriae
459 3457 702 3581 incumlaentem
718 3513 858 3602 pellem,
880 3513 1008 3576 liarmn

47 3601 255 3690 ¹luttpnillent‚
281 3601 344 3662 alta
356 3599 445 3686 pelle
466 3601 658 3662 viderentur
672 3599 849 3684 repellero.
891 3597 1006 3740 lqitur,

28 3679 275 3756 3ul1itioindiee
304 3684 347 3744 ali
372 3683 564 3746 uammultoa
586 3683 728 3756 indicto,
760 3681 907 3764 hoenge
931 3691 1006 3750 ant,

28 3757 29 3769 ¹
48 3766 192 3827 :tramitte
211 3703 405 3828 diflernlldo
426 3765 510 3850 legia
526 3763 754 3849 impediendae
777 3762 929 3825 idoneam
949 3759 1007 3821 ali·

49 3857 110 3918 tutu
125 3847 325 3912 oeoaiionem
343 3861 470 3933 :empne
493 3859 701 3932 :aggerereu

50 3963 353 3990 N———n-t

607 3967 624 3994 t

68 4029 119 4104 Cap.
127 4037 190 4092 Vll.
199 4037 283 4094 Vell.
294 4055 319 4094 a.
330 4035 373 4094 ιθ.
390 4033 497 4092 Aaron.
509 4033 540 4088 iu
550 4033 642 4092 Corn.
650 4033 713 4090 Liv.
725 4033 804 4159 Epir.
840 4031 880 4086 Cn
908 4027 1007 4084 .vm.

53 4091 132 4170 lictor.
146 4105 182 4160 ad
196 4109 333 4162 Herenu.
345 4123 371 4160 a.
382 4105 459 4160 alil
482 4104 567 4178 pion.
593 4105 664 4176 Cap.
682 4105 729 4158 itt.
770 4118 857 4158 oann.
897 4098 1008 4154 ntioclt.

54 4159 446 4246 utor.tt7.Ve11.e.:7.oio
469 4213 478 4232 .
497 4167 1010 4250 Cap0ll.l'lut.sull.c.16..lppian.
