2702 4694
173 339 177 349 .
255 251 475 323 maceca
495 215 809 328 amonstro
982 202 1096 340 ta
1185 259 1192 270 ·

49 482 109 526 nes
131 460 415 540 decernebantur,
440 463 594 528 dedendum
613 463 694 526 illam
712 461 830 542 hostibus
848 463 901 544 effe
921 461 955 531 od
971 462 1046 548 legr-
1224 501 1233 520 .

48 550 130 606 mortis
150 545 268 606 violatae
287 549 374 630 ursis.
427 545 734 620 Suetonius-addit,
763 546 937 632 aliquando
959 549 976 608 a'
995 567 1073 612 ww
1104 575 1113 592 ·
1150 571 1157 587 ·
1208 572 1216 588 ·
1253 583 1255 596 =

47 641 123 688 natu
144 626 314 692 decretum
336 627 449 706 fuiss'e,
480 631 572 697 rar-ad
597 631 795 712 explorandum
810 647 917 708 jactum
934 627 1047 695 Gallia-

49 729 112 768 rum
128 709 213 794 legari
233 715 430 785 νύττει-ουτως
450 711 543 794 quod,
565 711 677 795 infestas
696 731 727 770 aa
736 711 819 794 feras
832 732 928 795 genter
942 731 960 772 a
976 711 1047 774 Car·

41 789 108 876 fiere
125 785 217 874 loreffi
227 833 242 877 ¹,
258 811 359 874 parurn
374 816 387 854 r
404 792 541 880 republica
557 793 714 856 videretur.

42 899 47 907 “
111 897 195 964 LIV.
225 897 358 961 interim
385 883 514 985 equites
536 901 775 962 Tencterorum
802 913 836 962 et
854 900 1044 986 Usipetum,
1071 921 1170 974 cum
1179 917 1248 974 aa..

49 979 157 1042 audita
176 1001 310 1044 auorum
325 981 434 1056 clade,
480 1003 518 1046 er
537 982 616 1045 alias
636 981 705 1045 rias
718 983 762 1042 ud
777 980 927 1064 Rhenum
946 1003 1046 1048 rene·
1058 989 1246 1047 warranto.

48 1077 144 1140 runt3
179 1081 284 1146 eoque
312 1064 443 1126 tranam'
474 1086 512 1138 o,
546 1079 621 1127 aunt
648 1085 664 1125 a
690 1063 870 1148 Siganrbris
898 1066 1045 1150 recepti:
1093 1116 1112 1136 ,.
1145 1119 1147 1126 ,

49 1143 166 1218 eodem
182 1145 276 1230 pauci
297 1165 430 1219 eorum,
453 1145 510 1231 qui
527 1146 657 1230 proelio
675 1145 915 1220 interfuerunt,
939 1167 978 1209 ox
993 1145 1047 1218 ta.
1131 1169 1144 1188 ²

73 1250 89 1288 a
117 1241 341 1312 penetrarunt.
361 1305 364 1312 Ι
384 1229 452 1293 Eos
480 1247 579 1311 quum
601 1229 719 1290 Caesar
744 1227 822 1290 dedi
849 1225 1044 1312 postularet,

49 1247 216 1394 digamiam
241 1307 356 1396 populi
374 1307 513 1372 Romani
540 1307 713 1394 imperium
731 1309 847 1372 Rheno
874 1307 965 1374 liniri
989 1332 1045 1374 re·

53 1389 273 1486 aponderunt:
287 1389 388 1474 fi'r'pse
408 1391 495 1452 noller
513 1396 544 1454 ia
563 1392 684 1454 Galliam
704 1396 799 1454 verare
813 1389 977 1468 Gcrrnaocs,
998 1398 1045 1472 oig-

49 1469 134 1551 rrfflar
153 1492 181 1532 er
193 1470 247 1553 sali
255 1472 337 1552 juris
354 1492 404 1534 aar
417 1472 559 1556 perdictis
577 1473 645 1534 nihil
663 1493 794 1556 arrogare
811 1472 1045 1554 deterrentia,

50 1559 153 1616 aaran.
183 1553 262 1616 lnde
280 1553 401 1620 caulius
419 1551 484 1618 sibi
499 1549 624 1622 struens
640 1557 770 1630 Caesar,
790 1574 853 1640 per
890 1552 945 1618 iras
957 1553 1045 1638 ahs,

50 1657 127 1697 num
152 1637 405 1711 transmitteret,
436 1635 606 1722 (cupiebat
630 1637 715 1700 enim
740 1577 1046 1700 neminidlomano-

50 1738 129 1782 rum.
145 1719 284 1782 tentatae
306 1718 356 1782 rei
375 1719 515 1804 gloriam
537 1717 693 1802 adipisci)
717 1717 833 1780 lubens
857 1719 980 1782 audivit
1001 1721 1045 1781 U-

48 1799 180 1862 biorum
206 1815 371 1872 oratores,
407 1800 464 1886 qui
492 1799 649 1864 adversus
675 1803 802 1864 Sacros
828 1799 1047 1886 implorabant

45 1901 129 1966 opes
148 1885 308 1957 Caesarie,
333 1883 547 1968 Rhenumque
563 1881 741 1963 traiecturo
754 1903 900 1968 magnam
916 1883 1047 1949 natium

48 1965 177 2062 copiam
204 1966 455 2050 pollicebantur.
499 1965 618 2030 Caesar
642 1969 748 2049 ponte'
769 1961 954 2048 transgredi
978 1986 1045 2037 mas
1170 2035 1173 2044 ¹

46 2044 119 2112 lurt.
157 2069 221 2132 quo
247 2048 332 2111 intra
355 2045 428 2109 dica
451 2045 565 2110 decem
587 2044 728 2120 effecto,
758 2046 901 2111 traduxit
917 2047 1045 2126 exemi-¹

47 2141 134 2203 tum,
165 2143 198 2191 et
215 2133 396 2228 proximam
417 2129 611 2202 Germaniae
632 2141 757 2214 partem
782 2125 900 2191 vellere
922 2129 1043 2214 coepit.

49 2210 136 2286 Sed,
167 2212 223 2273 obt
248 2233 283 2275 ae
302 2212 465 2296 Sigambri
492 2211 525 2272 in
551 2211 621 2274 loca
646 2209 801 2295 impedita
827 2224 1045 2294 receperunt,
1129 2234 1134 2247 “

51 2293 235 2379 Sacrique,
257 2295 357 2357 miliia
374 2313 631 2386 quaquaversum
651 2293 789 2363 nunciis,
812 2310 934 2373 cogere
950 2311 1046 2354 exer·
1153 2325 1155 2336 ·

50 2375 151 2436 citum
171 2377 426 2450 nunciabantur,
448 2377 587 2450 Caesar,
610 2373 793 2451 satiset.ad
811 2373 937 2435 laudem
956 2371 1047 2438 etad
1088 2409 1091 2416 ι

48 2457 223 2520 utilitatem
240 2458 423 2543 proiectum
439 2458 626 2532 arbitratus,
650 2455 780 2519 reduxit
794 2453 827 2516 in
840 2455 977 2528 Galliam
992 2474 1050 2518 co·

48 2541 141 2622 pias,
196 2547 370 2626 ontemquc
390 2539 548 2614 rescidit,
579 2538 652 2602 dies
671 2539 803 2602 omnino
820 2533 1050 2624 duodeviginti

48 2635 141 2684 trans
188 2622 306 2684 henum
326 2635 556 2685 commoratus.

111 2727 181 2792 LV.
212 2727 310 2800 inde,
341 2749 439 2825 quum
464 2729 580 2812 exigua
602 2749 678 2812 pars
699 2723 825 2790 aestatis
848 2727 1047 2810 supereffet‚
1077 2717 1223 2779 Dtffltf·
1294 2749 1304 2762 ·

50 2801 150 2874 etiain
169 2809 203 2870 in
220 2813 420 2884 Britanniam
442 2810 614 2894 navigandi
637 2812 726 2894 cepit
747 2811 919 2906 impetum:
942 2822 978 2870 ut
997 2809 1048 2872 in·
1059 2790 1246 2852 ⁸5¹⁸⁶⁸¹'¹⁶'·

52 2893 177 2962 aulam,
200 2891 381 2956 covicinis
403 2891 534 2977 quidem
554 2893 728 2976 cognitam,
749 2890 865 2962 adiret,
888 2889 976 2988 quod
994 2911 1052 2956 ne·

49 2993 108 3036 mo
124 2971 229 3038 adhuc
244 2977 461 3038 Romanorum
481 2975 616 3036 iecerat.
644 2977 788 3055 Tempus
803 2971 843 3034 ad
861 2969 1053 3056 exigui'mu·

50 3057 100 3118 ris
121 3057 312 3130 transitum,
337 3055 651 3140 cognoscendosque
674 3055 904 3116 Britannorum
927 3056 1053 3119 animoa
1158 3090 1163 3098 ·

51 3137 250 3202 sufficiebat.
261 3131 360 3200 'idem
374 3139 540 3200 obtentum
557 3135 734 3222 praeliabat
750 3137 837 3198 bello
852 3135 965 3198 omiss'o
976 3135 1054 3200 rod-

51 3221 174 3294 eundi,
198 3221 225 3282 si
241 3219 411 3284 difficilius
429 3241 488 3304 spe
504 3241 561 3281 sua
577 3219 744 3304 negotium
762 3217 946 3302 reperiss'et.
974 3227 1055 3285 Nam

52 3303 95 3365 ad
118 3301 153 3364 id
173 3317 300 3387 tempus
319 3303 401 3364 adeo
417 3301 555 3364 Graecis
576 3299 795 3385 Romanisque
818 3300 930 3383 ignota
947 3299 1057 3364 luerat

28 3385 249 3459 -Britannia,
277 3401 311 3448 ut
335 3385 391 3448 alii
417 3381 650 3481 magnitudinis
670 3387 862 3522 argumentp
883 3381 1067 3456 continen-¹

53 3481 125 3536 tem
146 3468 211 3530 elle
230 3467 403 3540 dicerent‚·
423 3466 587 3550 'opinione
610 3463 671 3528 hac
695 3483 798 3548 usquc
819 3483 836 3524 a
879 3462 1054 3548 imperium

53 3549 255 3633 Vespasiani
275 3551 463 3625 obtinente3
493 3545 686 3609 vetustiores
707 3564 824 3608 nornen
844 3557 941 3688 steppo
961 3543 1056 3608 labu-

55 3631 122 3694 lam
146 3633 290 3706 sinere,
313 3627 472 3716 quidquid
493 3627 535 3692 de
555 3629 611 3690 illa
627 3627 805 3698 diceretur,
828 3625 880 3687 exi
907 3627 1056 3691 imarent.

54 3715 157 3776 Dum·
173 3729 272 3777 nares
298 3725 513 3798 apparantur,
544 3709 748 3772 Morinorum
769 3706 867 3793 legati
883 3707 1057 3772 'dedendae

55 3797 170 3882 gentis
193 3817 274 3882 ergo
293 3807 464 3858 venerunt.
507 3793 641 3856 Gratum
661 3790 695 3852 id
711 3789 843 3852 Caesari
862 3789 945 3865 fuit,
968 3789 1056 3877 quod

57 3903 406 3924 m

92 3955 172 4027 Cap.
188 3953 267 4008 Llll.
293 3953 417 4046 §netem
443 3953 530 4009 cass.
547 3955 591 4075 ap:
626 3949 699 4026 Cap-⁴
715 3947 792 4004 LIV.
818 3949 903 4005 Gaea.
929 3949 1053 4070 Suetpn.

54 4023 145 4150 οἷ’·
166 4017 1051 4173 ⁰·.r,{:,t:⁰‚c:rrarrat:laceratae:

52 4093 128 4224 11'240·
145 4111 251 4240 Krete.
266 4176 293 4218 c.
309 4175 350 4240 to.
368 4158 446 4217 rtur.
464 4158 549 4219 Caet-
