2680 4690
305 217 369 339 'spo
408 251 608 350 enumero
626 244 1039 316 smeeuueuuonuu
1053 245 1128 310 css.
1146 247 1258 314 1.qu

140 467 175 523 ll.
194 484 221 521 o.
234 463 297 522 68¹·
306 463 432 528 teriora
454 459 574 531 Ponti,
596 456 654 519 uhi
672 455 772 519 Sanni
788 455 932 540 Lucique
951 455 1121 530 accolunt,
1144 458 1296 546 profuge.

136 542 173 594 Α·
191 538 283 606 ⁰⁶7⁰·
309 559 402 620 runt,
424 543 555 627 ignibus
575 552 667 601 autea
686 538 828 622 reliquas
847 538 881 597 in
899 558 998 602 naves
1012 539 1154 618 injectis.
1184 543 1297 603 Lucul.

34 635 39 642 '
310 629 382 706 loru
397 637 488 689 ortus
508 624 542 684 in
558 623 641 683 urbe
659 620 781 683 elamor
798 619 947 699 (multam
966 620 1053 684 enim
1068 621 1202 684 eaedem
1216 623 1298 686 inter

307 705 528 792 diripiendum
545 704 666 766 Cilices
685 701 876 782 ediderant)
897 701 992 764 simul
1011 699 1136 765 flamma
1158 705 1230 768 visa
1245 707 1296 767 ad·

305 789 450 862 monuit,
472 800 508 849 ut
527 785 567 850 ad
586 785 700 848 urbem
716 782 868 856 duceret,
891 781 981 864 cujus
997 783 1059 866 jam
1078 785 1177 848 etiam
1192 801 1295 872 partes

305 873 430 955 aliquus
451 868 538 951 ignis
559 863 861 950 comprehenderat.
893 865 988 928 scalis
1016 865 1175 941 admotis,
1205 867 1297 932 facile

274 1013 277 1020 .
304 968 548 1018 transcensum:
569 962 604 1012 et
617 948 756 1021 Cilices,
781 967 863 1032 quos
877 947 997 1030 praeda
1013 949 1209 1024 tardaverat,
1229 973 1297 1034 pas.

307 1037 370 1098 sim
388 1033 500 1096 occisi.
522 1052 565 1094 ne
582 1029 753 1116 oppidanis
771 1028 902 1114 quidem
920 1031 1012 1114 parci
1027 1031 1117 1093 inter
1131 1033 1296 1094 tumultum

333 1116 432 1194 otuit3
455 1113 577 1186 donee,
600 1126 676 1174 octo
693 1110 802 1173 ierme·
815 1110 981 1173 hominum
997 1112 1186 1184 interfectis
1203 1113 1295 1176 milli·

306 1140 389 1274 dua,
413 1193 567 1260 caedibus
586 1193 746 1269 abstineri
760 1193 938 1278 imperator
957 1193 1055 1276 jullit.

57 1395 59 1400 ,
170 1342 284 1402 mm
369 1329 470 1390 xxo.
495 1325 624 1389 Deinde
647 1325 831 1387 consolatus
851 1325 1050 1409 Sinopenses
1071 1325 1226 1410 privatim
1243 1345 1294 1388 sua

120 1420 251 1470 samiam
267 1412 299 1468 ds
311 1411 433 1508 cuique
447 1407 602 1480 reddidit,
623 1407 755 1492 publice
772 1403 863 1468 dedit
878 1406 1079 1484 libertatem:
1101 1421 1234 1491 praeter
1248 1409 1295 1469 iu·

122 1485 264 1556 emti·-
334 1513 443 1556 eurum
470 1487 651 1552 beneficum
678 1509 715 1550 ac
743 1488 840 1561 mite,
871 1487 996 1550 somnio
1023 1509 1157 1586 quoque
1184 1503 1293 1552 motus.

155 1647 157 1654 Ι
309 1515 463 1637 i'roxima
488 1585 562 1633 ante
588 1569 783 1666 capiendam
801 1566 915 1632 urbem
941 1570 1051 1654 quiete
1077 1569 1194 1634 videre
1215 1571 1296 1634 risus

118 1712 119 1720 ,
213 1733 218 1736 ,
309 1653 355 1719 eil
378 1654 506 1716 habitus
531 1651 706 1736 ignotioris
732 1651 914 1725 hominem,
943 1651 1121 1737 paullisper
1137 1652 1297 1732 iubentem

307 1736 487 1823 progredi,
509 1747 544 1797 ut
563 1733 716 1796 Aetolico
738 1747 938 1796 occurreret.
977 1733 1012 1796 id
1031 1736 1194 1796 somnium
1215 1733 1296 1796 inter

307 1833 468 1881 mutarum
487 1835 598 1878 rerum
617 1815 847 1900 occupationes
864 1835 962 1900 quum
983 1812 1166 1880 exfluxiffet
1182 1816 1295 1888 auimo,

307 1897 409 1974 forte,
433 1899 509 1960 dum
527 1896 645 1960 Cilices
661 1897 701 1958 ad
718 1917 806 1959 mare
823 1897 858 1958 iu
879 1897 987 1959 ientes
1002 1899 1226 1996 persequitur,
1243 1897 1297 1960 ob-

307 1981 450 2046 volutam
466 1980 581 2066 panuia
598 1977 726 2041 statuam
743 1978 835 2041 uidit.
861 1918 946 2040 iane
962 1979 1017 2041 uhi
1037 1980 1123 2042 solur
1138 1981 1297 2065 eximique

307 2061 411 2146 juffit,
442 2060 545 2126 statim
571 2061 702 2145 ognovit
726 2062 886 2157 speciem,
917 2081 999 2157 quae
1018 2060 1186 2124 obversata
1204 2075 1298 2124 noctu

308 2144 437 2210 iuerat:
474 2144 569 2205 simul
597 2141 814 2228 praesentium
845 2141 886 2204 ali
911 2165 962 2204 urs
992 2143 1185 2226 Autolycum
1217 2145 1296 2216 elle,

310 2225 478 2290 Stheoidis
496 2247 596 2310 opus,
625 2221 835 2321 confirmavit.
911 2228 1021 2321 erodm
1038 2225 1237 2322 dutolycupa.
1251 2227 1297 2287 si·
1332 2277 1333 2321 p

308 2329 480 2462 illiti:
495 2304 1299 2474 “iiii”ilidii‘iiiiiiiiiidiniipiiiiiii

201 2529 204 2536 .
310 2471 433 2546 socius,
456 2491 553 2566 quum
570 2468 658 2532 iorte
675 2469 876 2554 naufragium
892 2469 933 2533 iis
947 2469 1030 2532 locis
1046 2471 1184 2567 seciilet,
1208 2472 1300 2534 Sino-

309 2553 1300 2720 isidoridms‘dii-0Pfddidediilliiiniieaidbiirdrdidddi

310 2717 457 2800 genitum
487 2715 666 2798 lcrebent)
699 2715 747 2778 ibi
779 2715 967 2810 collocatis,
1004 2655 1185 2803 ademptam
1219 2717 1301 2780 obti·
1330 2759 1331 2779 l

311 2812 437 2862 nuerat.

138 2948 301 3003 amdam
374 2929 490 2992 xxm.
518 2927 567 2990 Ea
591 2947 647 2990 res
674 2923 839 2990 admonuit
859 2929 1027 2993 Lucullum
1055 2931 1330 3009 commentario·¹

125 3021 235 3098 sapim
252 3035 299 3072 cs·
313 3031 406 3086 rum,
427 3030 510 3096 quos
530 3011 563 3072 ei
581 3009 669 3074 Sulla
687 3007 915 3094 inscripserat,
937 3011 1181 3098 inserueratque
1201 3013 1303 3076 moni-

121 3099 223 3158 pmss.
312 3107 402 3166 tum,
424 3113 458 3152 ur
475 3110 527 3174 per
547 3095 662 3171 quietem
681 3089 771 3151 oblata
789 3097 931 3172 praecipue
947 3093 1131 3169 firmitudinis
1152 3097 1304 3168 existimare

298 3170 480 3254 -memr'niffen
533 3171 625 3268 Quae
642 3170 727 3235 fatua
746 3185 779 3234 et
794 3174 932 3257 puerilis
946 3171 1113 3238 hominurn
1128 3175 1303 3239 credulitas
1328 3201 1329 3237 l

336 3255 394 3320 uid
412 3254 515 3330 aliud,
545 3275 640 3338 quam
655 3253 834 3328 theatrum,
864 3252 923 3330 cst,
953 3257 1068 3342 inquo
1086 3257 1213 3320 subules
1233 3277 1303 3320 suas

186 3331 190 3348 '
312 3277 507 3423 deceptores
526 3335 616 3424 genii
628 3353 696 3420 'pro
714 3336 817 3398 lubitu
828 3335 998 3430 instruant,
1019 3359 1153 3402 errores
1177 3361 1222 3402 ue
1240 3361 1305 3400 om·

311 3439 382 3492 nes,
404 3419 438 3480 iu
455 3439 538 3502 quos
555 3415 747 3502 demergere
763 3417 909 3481 miseram
925 3421 1152 3486 mortalitatem
1195 3421 1302 3490 udent,
1327 3461 1328 3467 κ

311 3502 403 3564 nullo
419 3497 749 3584 negotio'ilabiliant‘l
772 3500 864 3563 Hunc
884 3501 985 3584 igitur
1003 3501 1132 3565 [lateam
1150 3503 1306 3566 Lucullus

312 3581 463 3654 abstulit,
485 3603 547 3644 una
565 3603 638 3646 cum
655 3582 771 3644 Billari
792 3582 943 3666 sphaera:
965 3585 1087 3648 ceteris
1107 3585 1308 3650 ornamentis
1326 3633 1327 3656 ἶ

312 3663 429 3750 oppidi
447 3663 602 3726 abstinuit
619 3664 780 3744 iniuriam.
823 3665 946 3751 Sinope
964 3681 1116 3751 recepta,
1146 3669 1234 3730 nihil
1250 3667 1327 3747 jam

307 3745 351 3808 iis
375 3742 570 3827 regionibus
590 3745 725 3819 hoilile,
756 3760 889 3830 praeter
911 3749 1093 3823 Amasium,
1123 3765 1309 3838 supererat.

315 3866 655 3888 m

207 3937 211 3942 ·
342 3927 415 4002 cap.
430 3931 505 3986 xxi.
532 3935 681 3989 namnam
709 3933 785 3990 urin.
802 3936 835 4002 s,
850 3937 877 4004 4.
903 3915 1326 4009 Apisn.=Memn0n.P1ut.'

276 4009 281 4016 '
307 3997 458 4054 Memnon.
477 4001 564 4056 Oros.
582 4004 661 4058 Plut.
681 4002 831 4060 Memnon.
848 4007 924 4061 Plut.
976 4021 1096 4062 emnon.
1132 4011 1309 4084 caplim.

304 4064 620 4192 ggsspppimsl’lut.
636 4071 759 4129 Strabo.
776 4073 855 4132 Plut.
872 4073 1002 4150 Appiae.
1015 4075 1190 4162 Plumcap.
1201 4083 1325 4155 mli-4
