2654 4684
218 195 679 316 amoenitatum.
701 255 814 320 mvsa
960 257 1001 338 «a

62 465 124 519 mens
140 477 259 520 treoems
278 457 422 538 effecimus.
466 459 525 521 litu
539 459 651 542 smnus,
681 477 732 518 atet
752 461 843 522 uideri
863 459 1002 536 colurnus,
1030 477 1177 542 mna,

61 561 82 600 at
96 547 164 600 sanas
179 539 298 618 instructi
320 537 499 614 exercitibus,
529 558 581 602 stan
599 545 742 622 pecuniae,
771 563 824 602 nun
846 561 1004 604 commeatus
1033 549 1168 618 habt.
1276 583 1279 592 ι

59 625 135 702 indigi,
159 622 201 682 loc
221 619 321 682 bellum
344 617 469 700 tottfitere
486 621 670 704 defpsmemus,
698 621 751 705 niss
765 622 880 684 alterius
900 628 1006 686 virtute

58 723 117 784 atque
133 707 240 783 opinim
259 701 445 782 odjuoeuteri

99 833 237 899 xxxva.
266 831 311 894 Sic
331 851 432 915 quoque
451 831 519 894 bella
538 835 728 916 propemodum
747 831 912 918 profligato,
934 853 1004 916 pou·
1054 843 1107 900 Sed
1123 861 1181 900 eam

59 919 121 994 sitque
139 919 171 974 ad
191 933 317 974 summam
337 918 464 974 victoriae
482 913 612 997 reliquis,
641 916 735 978 borum
755 923 871 976 martium
888 917 1005 1000 gloriam
1018 913 1127 968 laudem
1151 917 1181 968 i·

57 995 213 1078 arbitriumque
228 984 346 1056 Marius
359 1001 471 1077 sapiet,
493 995 657 1058 aemulorum
674 1003 834 1078 impatiens,
858 998 945 1080 (quod
961 1001 1004 1056 vi·
1018 999 1045 1034 ¹³
1069 993 1172 1035 ''m'‘

58 1083 117 1148 titm,
144 1097 217 1158 qaum
231 1076 291 1152 plia
313 1081 471 1136 minuantur
489 1081 586 1152 antus,
616 1083 645 1138 in
660 1079 796 1162 structure
813 1077 850 1158 fit
870 1077 1004 1158 validius)

57 1179 86 1229 et,
108 1156 146 1216 abi
163 1159 193 1217 de
209 1163 331 1238 potentia
349 1163 459 1241 agitur,
484 1155 552 1236 fidei
570 1161 643 1220 basod
656 1159 722 1243 sane
743 1181 835 1222 tenax.
884 1160 1007 1244 Quoties

56 1239 87 1297 ille
96 1237 271 1320 suspicionibus
292 1257 378 1322 nuper
397 1241 433 1300 P.
453 1239 591 1302 Rutilium
614 1241 743 1322 cmtJislem
763 1241 866 1325 legatus
885 1240 1006 1320 torserit,

55 1319 238 1400 amurfiimus:
265 1340 311 1394 et,
333 1325 471 1402 quaternis,
494 1341 547 1402 quo
562 1321 599 1399 cll
615 1323 724 1464 qiam,
746 1327 814 1383 mire
834 1325 1009 1384 iststaeentiam

50 1397 174 1478 psalant,
204 1405 312 1462 missiseu
329 1403 460 1484 persuassi
481 1423 497 1464 s·
548 1408 620 1464 sostei
638 1425 687 1478 us,
716 1405 805 1486 qualis
829 1409 858 1466 in
879 1403 923 1488 Q
940 1401 1007 1464 Me-

54 1481 124 1540 tellum
133 1480 234 1562 suffla.
280 1482 376 1564 Neque
393 1487 463 1544 mum
479 1419 756 1566 fflxspectandum,
778 1503 828 1560 ut,
850 1491 897 1568 qui
905 1487 1007 1566 junior

49 1560 127 1642 saum,
154 1567 305 1644 praetorius
323 1564 471 1646 cottfitlem,
499 1566 604 1649 legatus
622 1571 812 1648 imperatorem
832 1565 941 1644 nonest
961 1585 1008 1626 te·

54 1648 145 1718 taient,
165 1649 188 1704 is
207 1649 333 1726 cuiqam
344 1647 445 1726 juvati
457 1645 542 1730 finem
566 1665 594 1710 et
604 1647 695 1730 fixies
713 1647 804 1731 eastsd
821 1647 957 1710 totueelat.

95 1775 254 1838 xxxvm.
283 1775 343 1836 Hae
360 1779 464 1860 ingenio
486 1780 577 1838 virum
632 1778 670 1838 ud
687 1777 769 1856 laJles
786 1777 905 1856 etofltot,
927 1795 1007 1860 quam
1054 1789 1143 1858 igitur
1155 1789 1188 1840 eei

53 1854 171 1930 nobiscum,
193 1853 243 1937 effi·
263 1857 340 1938 longe
359 1857 468 1924 malim:
493 1859 559 1919 adeo
575 1793 648 1942 ,tellit
668 1880 774 1920 moneor
794 1863 869 1920 euris
886 1877 1005 1920 ntesuen-
1019 1857 1193 1927 liveram·-

51 1941 113 2008 tiata,
139 1957 168 1997 ne
184 1940 220 1998 ad
237 1956 332 2020 portes
349 1943 517 2019 optimatium
536 1959 668 2008 statutas.
720 1939 853 2001 Trastseat
877 1936 960 2016 vera,
980 1959 1007 2001 et
1019 1927 1076 1978 ’Μ
1092 1939 1188 2010 ΨΜ

53 2017 77 2075 ibi
95 2023 172 2098 potius
196 2017 304 2102 tonsilia
330 2019 439 2091 turbet;
469 2021 657 2082 aemulationes
685 2041 823 2094 exerceat,·
858 2007 1178 2117 ceterarumzzmc'ffl'

53 2119 132 2158 astans
148 2099 288 2160 antbitione
306 2121 333 2162 ee
351 2100 486 2162 discordia
506 2123 637 2164 marcnes.
678 2107 718 2166 As
734 2125 798 2164 vero
816 2124 858 2162 etta
876 2125 939 2164 num
959 2125 1006 2170 no·
1121 2080 1139 2136 μ
1166 2099 1175 2116 ‘

52 2179 79 2238 bis
99 2179 251 2261 praefiditem
280 2182 467 2258 detrahemus,
503 2183 624 2266 idemque
650 2184 806 2262 adjicientur
831 2125 1006 2267 atberfitriis.

53 2261 92 2342 Ego
109 2283 165 2321 oeta
184 2286 236 2324 stan
257 2265 356 2339 video,
385 2263 452 2345 quid
470 2265 511 2325 bis
531 2265 609 2326 rebus
629 2265 742 2348 adfirre
763 2269 888 2326 manusni
910 2285 1009 2348 queant

51 2341 169 2424 decrepitus
188 2351 356 2426 imperatae,
386 2363 413 2402 ee
430 2345 572 2430 piscatoria
589 2351 713 2430 remigio,
742 2369 770 2408 et
787 2347 939 2430 enatipnlui
957 2365 1008 2429 pa-

47 2421 123 2495 lotam
139 2449 195 2486 suen
217 2425 365 2510 agrestibus
384 2431 478 2489 armis.
528 2427 581 2492 Ille
601 2449 664 2488 sane
686 2427 789 2510 claffem
811 2453 839 2490 es
859 2433 1009 2491 exercitum

50 2525 115 2565 suet:
143 2531 188 2568 nes
212 2509 351 2569 collectam
377 2527 411 2568 est
436 2515 510 2592 agris
534 2531 561 2570 et
583 2531 613 2570 et
630 2509 722 2588 astulis
741 2511 941 2571 multitudinem
958 2505 1008 2590 effe

113 2594 198 2656 rimus.
229 2591 309 2667 atejus
324 2591 432 2672 generis
453 2610 530 2652 arma
548 2531 692 2668 cottlbciati
711 2589 826 2670 sustris,
842 2589 873 2674 fi
886 2611 932 2652 nos
947 2593 1008 2674 poti

85 2689 161 2744 snus,
191 2671 295 2732 milites
320 2691 373 2732 non
387 2669 501 2752 ferent,
534 2665 663 2756 quotquot
677 2673 744 2754 sunt
761 2673 874 2736 Romani
895 2675 1009 2734 nominis

49 2751 224 2830 afatramettti
243 2773 383 2816 memores.
425 2755 494 2816 Sarte
515 2759 644 2814 exstentis
666 2753 828 2833 temporibus
842 2753 938 2835 servos
959 2773 1007 2812 ar·
1045 2769 1188 2826 mmm

51 2836 99 2889 sati
118 2833 251 2912 seeceffltas
273 2835 414 2916 defendit:
439 2835 508 2917 sed,
537 2835 582 2897 ubi
601 2837 663 2896 baec
680 2834 764 2908 abiit,
793 2833 913 2913 bottestor
1019 2856 1098 2894 astte
1118 2839 1176 2892 suls

49 2911 137 2974 editum
157 2917 192 2995 est
212 2920 307 2996 copia,
338 2937 411 2976 netto
426 2918 549 2999 prudens
569 2918 616 2978 bac
635 2917 747 2978 dedecus
768 2855 1183 2998 ,1„,s„st„„¹''⁴l,·⁹,fmnrtm

51 2993 149 3068 Hostibus
162 3003 255 3080 positu
270 2996 338 3058 bute
350 3018 470 3080 aptemus
485 2999 632 3080 inflsnsiam,
656 3017 688 3060 ut
700 2997 802 3060 tinibus
811 2999 872 3080 suis
886 3017 1007 3081 ereptum
1016 2977 1137 3051 ΨΜ·

50 3075 76 3132 ise
87 3075 208 3162 (affingit
224 3099 254 3140 es
272 3077 363 3139 tribus
376 3077 475 3161 servili
492 3101 572 3142 mostu
589 3081 727 3142 dicantur.
755 3079 823 3142 nibil
839 3101 920 3162 aeque
937 3084 1006 3140 reti.

50 3157 101 3214 tebit
119 3163 145 3218 in
164 3161 294 3242 pastibus
313 3181 374 3233 eas,
404 3165 450 3242 qui
460 3164 523 3240 jam
543 3175 685 3224 coiverunt
703 3161 739 3222 ati
755 3181 914 3224 oommutum
930 3159 1006 3246 taus-

46 3235 100 3314 saa;
117 3261 142 3300 et
160 3241 319 3302 dubitantes
339 3240 492 3324 explicabis.

91 3371 227 3434 xxxix.
263 3375 390 3436 Ceterum
413 3396 459 3436 eo
480 3375 544 3458 plut
567 3379 665 3448 timeo,
698 3394 730 3435 ut
755 3373 800 3436 nel
822 3373 863 3438 hit
886 3373 1008 3435 accedere

49 3449 121 3528 salsis
139 3455 324 3536 adverfieriis,
346 3455 389 3518 vel
405 3397 448 3517 illi
467 3457 536 3518 butu
554 3460 670 3537 recipere
686 3456 781 3519 nelina.
825 3457 910 3530 Odit,
932 3455 1008 3515 adia-

49 3535 125 3610 puetll
142 3537 303 3598 tabilitate:
333 3559 416 3619 neque
427 3551 509 3599 'tanto
527 3541 653 3619 tentporit
673 3557 782 3610 tractu,
804 3537 941 3620 postquam
961 3535 1009 3596 ille

45 3612 105 3692 [cael
120 3615 219 3697 ateefflt
241 3619 280 3680 ad
299 3619 502 3702 rempublicam,
533 3619 590 3682 ulla
614 3617 707 3700 accuso
730 3620 870 3701 premendi
897 3623 1010 3682 inuicem

46 3695 217 3784 sugillandiqsee
244 3699 429 3784 praetermiffls
451 3701 497 3780 eJl.
550 3700 664 3782 Ideoque
684 3718 786 3782 nuper,
816 3721 896 3784 quum
922 3702 955 3762 dc
980 3719 1009 3760 eo

50 3775 152 3840 LSnlla
169 3781 265 3864 consul
281 3783 319 3842 od
351 3803 459 3844 eentum
477 3781 559 3844 t'ctult
581 3802 623 3852 et,
645 3801 753 3862 praeter
771 3805 853 3844 unum
869 3782 1008 3854 boantum,

49 3859 191 3941 abolestesnis
211 3863 311 3924 Marii
321 3781 459 3946 betium,
481 3886 555 3934 tamna
570 3865 686 3926 Passum
694 3863 773 3945 sitit,
797 3866 874 3943 eujus
889 3863 936 3923 ille
951 3861 1009 3939 sen·

51 3947 112 4028 ntia
128 3944 205 4024 bostis
228 3967 285 4006 non
298 3945 482 4024 judicaretur.
529 3943 604 4030 Quis
622 3946 731 4022 credat,
764 3945 873 4007 tililllll
893 3961 1010 4037 “³⁸3⁰'‘
1022 3909 1188 4052 illm?

48 4025 127 4100 lasum
139 4047 220 4110 atque
237 4031 392 4086 memoriam
406 4047 496 4088 santae
511 4032 628 4108 injustae
641 4029 764 4088 excidere
778 4031 874 4088 animis
885 4019 1008 4107 passttffe,
1022 4045 1067 4117 ,qq
1077 4051 1197 4102 Mariam

53 4122 72 4158 πῖ
83 4103 132 4182 fida
149 4109 296 4172 coeteorelia
309 4108 452 4193 stabilique
467 4109 581 4194 fhtdere
599 4109 827 4192 conjungantur?
1022 4117 1202 4172 adversarias.

1018 1065 1079 1102 nm
1096 1049 1186 1104 blasi·
1301 1105 1303 1112 Α
