2654 4690
200 275 250 338 m
272 273 424 340 noenu
443 255 525 336 nm.
544 274 747 354 nxxxvm.
765 277 879 342 mvn.
980 275 1047 374 ,37Ι

91 483 249 546 xxvltt.
272 485 387 566 Neque
406 481 593 544 securiores
612 496 723 558 erant,
746 503 884 566 quornm
901 485 1040 548 nomini·
1070 489 1213 558 ttaoqo.

34 565 93 626 buo
115 565 268 626 crudelia
288 563 376 626 lliluo
393 581 599 648 pepercerat.
615 553 622 584 l
641 573 709 628 Nec
734 567 820 626 euim
847 567 943 628 modo
962 589 1039 651 pro·
1069 561 1205 644 &ll-8¹,-

35 647 185 730 scriptor
204 646 363 730 jugulari,
397 651 455 708 red
475 647 570 708 etiarn
589 647 750 742 jugulator
768 648 934 730 proscribi
954 650 1039 712 obti·
1068 629 1229 697 ‘'mm“

35 741 167 790 nuerat.
212 731 252 788 f..
270 727 418 800 Catilina,
441 749 586 810 magnam
603 727 709 812 pollen
728 731 842 790 lamam
860 731 1042 793 sceleribus
1053 697 1239 838 ἕκτῇ·

34 825 171 906 nactus,
197 832 296 954 q=uum
312 811 445 872 fratrem
461 809 602 871 nondum
618 811 837 894 proscriptum
854 813 1041 888 tuttulill'et,
1054 836 1165 908 „mg

35 908 145 956 oravit
165 894 213 954 Su
230 894 306 960 lara,
332 905 365 952 ut
384 905 544 976 tamquam
565 893 747 975 ruperllitio
765 914 882 955 nornen
899 895 934 956 in
951 895 1042 958 ubu-

34 977 96 1037 lant
111 975 324 1047 referretur,
346 988 380 1035 ct
398 975 597 1058 impetravit.

98 1083 224 1142 XXIX.
255 1083 364 1162 Ergo,
388 1091 423 1140 ut
445 1099 505 1163 pro
525 1093 589 1140 tarn
606 1079 750 1222 ‹lmlcm
771 1083 890 1146 merito
913 1081 1042 1168 dignam
1075 1094 1116 1152 Μ.
1133 1089 1243 1146 Marii*

37 1164 190 1226 referret
213 1163 366 1245 gratiam,
390 1157 603 1224 excarnificnn
629 1185 648 1223 o
668 1165 712 1224 Μ.
731 1165 835 1227 Mario
854 1167 1041 1249 practorio,
1055 1162 1212 1221 cunctisat-

36 1247 145 1308 fratre
173 1243 337 1316 consulis,
371 1263 504 1325 operam
555 1246 698 1306 raebuitt
730 1245 822 1328 cnjus
847 1249 1044 1312 cruciatibus
1056 1227 1239 1304 ''W'llfll

36 1329 122 1388 nihil
144 1326 231 1389 vidit
249 1325 304 1385 illa
319 1339 405 1386 aetat
424 1265 601 1386 crudeflus.
646 1328 740 1390 Hunc
756 1329 859 1408 enim,
883 1329 923 1392 dc
937 1331 1043 1414 capri·
1056 1305 1139 1360 Μ’
1273 1331 1276 1338 '

36 1411 59 1471 li
76 1411 153 1471 eafa
172 1421 372 1480 extractum,
395 1406 488 1490 prius
507 1407 614 1468 occidi
630 1408 718 1469 Sulla
735 1411 853 1482 vetuit,
877 1431 971 1496 quarn
989 1433 1045 1474 ex-

37 1489 264 1576 quisitili'amia
281 1489 454 1550 tormentit
475 1487 513 1549 ad
530 1489 733 1552 Lutatiorum
753 1491 957 1574 sepulcrum,
988 1495 1045 1556 ubi

37 1573 202 1636 conditus
219 1571 262 1653 Q.
281 1571 412 1633 Catulus
434 1583 528 1654 pater
547 1585 634 1642 crat,
664 1571 880 1635 lacerareturt
913 1575 987 1659 qnia
1005 1577 1043 1638 t..

36 1655 161 1719 Cecfer
177 1651 220 1715 ad
239 1653 328 1718 Varii
342 1649 464 1713 bullum
483 1653 608 1714 occilirs
627 1673 643 1711 a
661 1655 814 1716 Marianis
833 1655 950 1718 fuerat.
980 1661 1044 1719 lla-

36 1753 116 1823 ptns
136 1755 225 1820 ergo
242 1755 304 1818 per
323 1755 379 1796 ora
397 1735 487 1817 vulgi
502 1737 624 1796 Marius
642 1747 731 1798 trans
748 1735 907 1811 Tiberim,
931 1753 962 1802 et
977 1741 1045 1800 vir·

38 1824 89 1904 gia
109 1820 206 1880 inter
223 1816 364 1879 eundum
380 1817 501 1889 caelite,
525 1817 629 1880 oculis
645 1817 759 1889 cratia,
781 1819 955 1904 perfractis
970 1841 1045 1882 crn-

37 1903 155 1974 ribue,
189 1899 363 1984 amputatio
383 1897 550 1970 manibus,
581 1913 711 1961 exsecta
732 1901 859 1984 lingna,
890 1903 1045 1966 membri·

38 1985 201 2046 omnibus
231 1982 398 2054 centuria,
433 1979 600 2042 infelicem
632 1981 781 2064 apiriturn
811 2001 873 2067 per
903 2005 1045 2046 tnmmoa

38 2068 211 2128 cruciatur
237 2061 393 2126 reddidit.
435 2061 569 2124 Adhuc
589 2077 652 2124 tam
670 2064 805 2128 immane
827 2069 1047 2150 spectaculum

36 2169 141 2232 quum
168 2145 263 2210 forte
291 2142 414 2208 adilane
439 2147 482 2206 Μ.
507 2145 690 2208 Plaetorius
721 2161 851 2210 uenator
877 2147 1046 2233 linquente

37 2231 148 2292 animo
176 2227 391 2305 concidill'et3
423 2225 513 2288 illico
530 2241 685 2290 mactatur
706 2225 760 2290 cll.
804 2228 927 2290 ibidem
950 2231 1048 2293 etiam

37 2313 227 2393 Venuleius
245 2309 397 2374 triumvir
414 2311 524 2394 periit.
575 2311 676 2396 Caput
696 2331 751 2374 rua
768 2332 863 2374 manu
879 2309 1047 2376 detectum

37 2393 183 2456 Catilina
214 2415 276 2478 per
301 2393 416 2456 urbem
445 2391 559 2456 cadem
588 2413 683 2454 rnanu
711 2393 824 2455 retulit
849 2394 888 2455 ad
913 2395 1044 2457 Sullam.

35 2479 119 2539 Erat
148 2477 242 2539 enim
269 2475 465 2560 spectaculis
488 2473 647 2554 ejusmodi
671 2475 751 2538 nihil
771 2477 879 2538 Sullae
899 2477 1046 2542 auatiuat

36 2574 69 2622 et
89 2561 266 2634 omnium,
297 2558 353 2642 qui
375 2555 495 2641 ubique
518 2569 610 2620 crant
629 2559 751 2632 occini,
774 2558 879 2641 capita
898 2559 938 2620 ad
955 2560 1048 2620 illam

36 2643 142 2704 relata
174 2663 240 2726 pro
262 2637 387 2702 Rostris
415 2639 700 2723 proponebantur,
736 2639 913 2722 eademque
939 2640 1047 2701 omnia

37 2725 192 2808 pericula
216 2721 370 2786 creabant
387 2719 606 2796 intuentibus,
636 2742 717 2806 quae
735 2721 776 2784 de
795 2721 1046 2806 prol'criptionia

38 2809 148 2868 tabula
169 2818 351 2868 memorata
371 2818 456 2866 aunt.

97 2914 213 2976 XXX.
244 2911 313 2974 Sed
329 2911 516 2985 Catilinam,
539 2926 603 2975 tarn
665 2931 758 2974 atum
776 2931 852 2974 rane
870 2907 1044 2976 crudelita-
1075 2903 1235 2988 ,Eulim-

37 2995 79 3058 tit
105 3011 142 3060 et
165 2991 363 3058 indullrium
389 2995 579 3083 aetellitctn,
641 2995 730 3064 allis,
759 3013 896 3090 quorum
918 2976 1234 3078 patim-'tl''⁰”‘'⁰·

37 3100 127 3139 num
158 3075 344 3138 minillcrio
374 3076 409 3136 in
438 3075 627 3140 occidendis
658 3077 846 3138 hominibus
871 3043 1202 3148 utebatur,‘''s““·

34 3159 218 3244 praefecit.
245 3179 266 3220 a
283 3157 401 3242 quibua
421 3163 465 3220 Μ.
479 3161 687 3232 Volumnius,
709 3161 746 3222 1..
762 3157 950 3231 'canusium
973 3157 1045 3218 alii·

37 3265 104 3326 que
122 3239 272 3304 illullrea
288 3241 416 3324 equites
427 3241 562 3302 liontani
580 3255 653 3302 aunt
668 3240 838 3308 trucidati:
860 3240 948 3302 inter
962 3257 1045 3322 quor

38 3327 81 3418 Q.
100 3323 305 3398 Caecilium,
337 3323 463 3384 auroris
491 3343 567 3384 enac
593 3324 714 3396 virum,
746 3322 803 3406 qni
821 3335 926 3384 aetate
946 3334 980 3383 ct
994 3321 1045 3382 in·

36 3407 141 3490 genio
161 3405 299 3489 quietus
317 3417 502 3466 neutrarum
518 3405 658 3488 partium
675 3405 799 3478 fuerat,
822 3403 960 3466 Catilina
975 3403 1044 3464 cuia

36 3489 193 3552 manibus
221 3486 354 3550 occidit.

102 3596 227 3656 XXXI.
260 3593 393 3654 lnterim
417 3596 462 3655 M.
484 3593 579 3655 Marii
606 3614 641 3657 ca
666 3607 702 3656 ut
722 3587 896 3655 Praeneste
919 3589 1044 3653 millum
1064 3605 1239 3676 musta..

36 3679 156 3756 Cajum
186 3675 355 3738 consulem
387 3675 428 3737 ad
458 3676 606 3758 ultimam¹
634 3615 895 3762 desperationem
924 3673 1234 3756 adogit.clr'ru,l.'.lla·

72 3836 152 3906 cap.
169 3833 305 3888 xxvltt.
324 3836 411 3892 Oros.
432 3835 506 3890 Plut.
526 3833 599 3890 Sull.
638 3833 711 3905 Cap.
726 3833 828 3888 XXIX.
847 3831 916 3887 Sen.
935 3829 972 3884 de
987 3831 1046 3894 Ira,

39 3903 66 3964 3,
84 3903 128 3957 28.
156 3901 244 3980 Elor.
271 3905 359 3958 Oros.
386 3904 451 3958 Vel.
469 3905 546 3960 Mar.
572 3907 608 3982 Q.
625 3896 686 3956 (stc.
705 3900 741 3958 de
754 3903 841 3956 Petit.
867 3902 955 3956 Cone.
973 3917 998 3952 o.
1016 3900 1046 3953 3.

40 3973 101 4026 Lir.
115 3974 201 4042 Eprt.
222 3971 293 4027 Sall.
310 3990 327 4032 a
350 3971 389 4026 ud
403 3973 461 4026 lul.
477 3973 573 4026 Busan.
590 3982 619 4025 et
634 3973 742 4027 lucent.
761 3989 802 4040 ao.
823 3973 930 4024 Lucan.
947 3989 973 4036 a,
986 3967 1044 4035 ¹7³·

40 4040 164 4094 Pedian.
183 4037 217 4094 in
233 4044 309 4114 Tog.
327 3990 452 4096 gandia.
473 4041 539 4096 Val.
556 4042 635 4097 illan.
654 4043 742 4096 Oros.
767 4041 843 4094 Plnt.
866 4037 934 4092 Dio.
955 4035 1047 4116 βαρ.

40 4109 127 4238 ἒξ.
187 4107 344 4236 ,Οἰοότᾱο
363 4111 451 4168 Petit.
478 4109 598 4168 consu.
622 4127 649 4167 c.
669 4127 696 4167 a.
723 4107 842 4166 Pediau.
873 4107 909 4177 Q·
929 4107 1047 4162 Cicero.

82 4198 114 4254 p.
302 4195 348 4238 ot.
753 4187 756 4196 “
