2734 4688
332 235 377 300 ΙΝ
397 233 548 299 Locutt
569 235 651 298 LIB.
675 236 712 299 C.
738 234 851 307 [ΝΠ.
1039 239 1102 313 455

96 440 255 524 Tigranis
270 455 373 514 erant,
397 441 594 523 Gordyenen
608 455 780 526 repetente
794 441 926 516 Partho,
949 459 992 519 et,
1039 443 1098 508 ott.
1129 448 1164 504 U.
1260 484 1268 500 .

94 543 194 606 quam
211 542 277 585 non
291 521 437 594 dabatur,
460 521 559 585 armis
574 538 713 586 vexante
725 523 921 586 Armeniam.
945 467 1098 610 qnodque
1128 516 1163 572 Α·
1200 522 1233 574 0⁶
1253 555 1262 572 ·

97 604 189 666 omni
209 615 346 666 externo
367 603 456 666 bello
476 617 546 666 erat
563 606 707 688 gravina,
730 605 890 688 Tigranes
909 605 1098 671 adolescens
1127 651 1130 658 ι

96 707 186 747 arma
215 697 327 748 contra
353 698 479 770 patrem
507 703 545 747 oe
571 699 651 748 erat.
701 689 785 748 Trea
812 688 944 750 omnino
968 687 1055 752 filios
1083 711 1102 754 e

95 768 287 854 Cleopatra,
311 765 511 831 Mithridatis
528 707 606 840 ltin,
631 765 791 862 Tigranes
810 769 999 832 sustulerat:
1022 793 1103 856 quo·

94 869 170 910 rum
187 849 252 911 duo
269 869 286 910 a
303 861 397 932 patre
417 862 510 910 erant
528 848 715 911 interfecti:
738 847 892 911 Sarialler
911 851 944 912 in
961 853 1102 936 proelio,

98 952 217 1014 quum,
240 930 320 991 inita
339 927 582 1016 conspiratione
599 950 672 994 cum
690 929 1011 1018 amicio,'ltanlloque
1026 933 1104 996 dex-

98 1027 225 1074 trarum
252 1033 307 1073 ran
332 1011 433 1086 uine,
462 1011 529 1073 vim
557 1011 710 1098 parallet3
743 1013 826 1074 alter
853 1013 886 1073 in
911 1015 1103 1089 venatione,

98 1093 190 1178 quod
215 1093 292 1178 equi
349 1115 412 1178 pau
462 1094 652 1192 raecipiteru
672 1108 801 1180 patrem
826 1115 934 1180 neque
954 1096 1104 1173 subleva·
1197 1083 1203 1096 ’

96 1167 169 1249 raf,
183 1239 185 1243 ,
201 1189 234 1239 et
251 1175 389 1258 jacentis
408 1115 512 1237 adduc
533 1173 680 1252 diadema
698 1175 797 1274 capiti
811 1185 874 1237 'auo
892 1175 1103 1261 imposuerat.

96 1257 234 1326 Tertius
255 1257 434 1342 Tigranes,
457 1257 545 1342 quod
564 1258 668 1344 patria
688 1259 761 1321 calu
781 1257 984 1334 indoluerat,
1007 1279 1103 1323 coro-

96 1360 140 1402 na
156 1337 196 1402 ab
215 1359 257 1402 eo
273 1338 412 1404 donatur
426 1335 481 1402 est.
572 1379 576 1397 .
1009 1345 1011 1353 “
1090 1337 1099 1357 ’

141 1447 284 1543 lell'
310 1445 377 1512 aar
396 1444 484 1543 taen
503 1441 630 1531 poca,
653 1399 1100 1545 ianuamianuaim
1119 1457 1326 1544 afar-..mm

96 1527 307 1676 principibus
331 1529 580 1602 Armeniorum,
618 1548 674 1611 qur
703 1547 791 1590 aonia
819 1549 960 1614 imperto
987 1531 1169 1616 grava-filo
1184 1527 1326 1594 “Po-‚lt

122 1623 240 1686 antur,
262 1609 302 1671 ad
316 1609 488 1673 Phraatem
511 1609 723 1694 confugerat,
752 1609 887 1696 ejusque
910 1609 1004 1674 ducta
1024 1610 1101 1688 filia,
1114 1601 1181 1656 '¹⁸⁵⁸-

25 1753 31 1762 ,
98 1693 299 1780 praecipuus
314 1689 514 1778 invadendae
525 1691 700 1756 Armeniae
717 1705 831 1754 auctor
843 1689 1014 1758 exstiterat.
1038 1695 1102 1792 lgi-

100 1791 157 1840 tur
173 1773 348 1846 Phraates,
381 1773 610 1838 deficientibus
630 1771 781 1846 adeum,
809 1788 863 1837 aut
885 1775 918 1838 vi
941 1775 1102 1853 subactis,

100 1869 263 1944 quotquot
280 1855 320 1917 ad
335 1856 489 1918 Artaxata
509 1875 615 1941 unque
635 1853 802 1929 colebant,
834 1856 925 1940 (quia
940 1873 1032 1940 pater
1046 1857 1104 1920 Ti·
1188 1899 1192 1908 ·

101 1959 221 2025 granea
247 1951 334 2000 motu
356 1937 552 2001 Parthorum
576 1938 610 1998 in
634 1951 762 1999 montes
786 1937 970 2022 refugerat)
990 1939 1105 2001 urbem

102 2021 278 2084 obsidione
304 2021 416 2084 cinxit.
455 2039 492 2082 ea
515 2041 612 2106 quum
638 2016 825 2083 diuturnior
846 2019 954 2082 futura
973 2019 1104 2084 videre-

101 2118 173 2175 tur,
200 2105 291 2188 ipse,
314 2102 410 2186 regni
429 2100 480 2164 a‘ui
495 2101 638 2186 negotiis
655 2115 825 2174 avocatus,
872 2115 973 2163 urtem
994 2103 1104 2188 copia·
1291 2143 1296 2150 ·

100 2205 313 2270 rumgenero
328 2183 475 2267 reliquit.
506 2183 807 2266 AtrexTigranea,
855 2181 1105 2246 recelluPhraa-
1185 2258 1188 2266 Δ
1218 2170 1225 2193 ‘

100 2268 147 2330 tia
166 2268 309 2364 cognito,
333 2267 482 2330 relictum
505 2265 546 2328 ad
564 2267 715 2328 Artaxata
737 2262 841 2326 filium
862 2266 997 2349 egregie
1014 2265 1104 2328 vicit.

101 2352 241 2414 Juveuto
269 2349 309 2410 ed
333 2369 427 2412 avum
447 2345 671 2411 Mithridatem
695 2347 789 2432 priua
815 2345 961 2410 intendit
978 2345 1105 2432 lugam:
1144 2383 1146 2390 ν

102 2429 243 2506 deinde,
274 2431 425 2528 cognito,
455 2429 557 2516 ipsum
586 2429 697 2516 potius
725 2447 826 2526 egere
850 2429 980 2504 auxilii,
1011 2450 1106 2514 quam
1153 2497 1157 2502 ,
1187 2448 1194 2454 ·

101 2513 254 2578 auxiliari
270 2531 420 2600 cuiquam
433 2511 523 2596 polle
533 2553 542 2588 ,
552 2511 596 2571 'in
611 2510 763 2594 Pompejr
777 2508 876 2574 castra
890 2514 990 2575 venit.
1170 2521 1173 2536 ¹

166 2621 296 2684 xxvtt.
319 2623 409 2682 luter
424 2617 505 2680 haec
521 2635 676 2680 reveraua
693 2623 728 2677 in
742 2616 856 2688 urbem
868 2618 1023 2679 Lucullus
1038 2618 1105 2680 fre·
1125 2639 1290 2694 zanunim-

59 2715 67 2728 ¹
101 2716 188 2764 trem
207 2705 350 2763 Marcum
375 2697 502 2786 reperit
529 2719 547 2760 a
567 2701 601 2760 C.
619 2697 774 2760 Memmio
796 2699 947 2760 Gemello
970 2699 1104 2761 tribuno
1116 2713 1230 2782 amplus
1250 2713 1292 2762 tn-

101 2783 212 2870 plebia
238 2795 377 2870 propter
401 2803 460 2856 ea,
492 2801 574 2866 quae
596 2780 704 2844 Sullae
728 2779 809 2858 jull'u
831 2778 978 2864 quaestor
1001 2777 1282 2864 gelre-utullu-

101 2879 169 2940 rat,
191 2863 345 2928 accusari.
387 2865 481 2928 Multi
501 2863 588 2926 enim
606 2875 673 2926 tum
692 2859 725 2922 in
741 2858 897 2944 judicium
916 2860 957 2923 ob
974 2863 1104 2925 illorum
1114 2851 1169 2920 Μ’
1178 2847 1291 2904 dmm·

102 2942 289 3034 temporum
309 2944 427 3010 delicta
446 2945 654 3008 vocabantur.
698 2941 764 3007 Sed
785 2943 842 3008 ille
861 2941 993 3028 quidem
1009 2945 1105 3008 abso·

103 3031 193 3095 lutus
213 3027 267 3094 att.
294 3045 343 3110 at,
364 3029 451 3094 iacto
473 3028 506 3090 in
521 3027 657 3092 Lucium
676 3027 819 3110 impetu,
840 3027 1012 3089 Memmius
1032 3047 1106 3090 cum
1155 3099 1158 3107 ¹

129 3115 228 3196 opulo
250 3113 361 3198 coepit
379 3131 495 3196 agere,
524 3129 557 3172 aa
579 3107 789 3190 miumphumer'
805 3129 837 3168 ne
854 3125 933 3178 aren
963 3110 1050 3170 mittan
1068 3111 1105 3170 ila

88 3137 163 3256 ⁴iiten
177 3192 376 3272 intervernffi’,
400 3211 427 3252 er
440 3191 558 3261 bellam,
580 3209 663 3274 quum
674 3185 762 3268 finire
775 3129 876 3272 pellegi,
900 3189 978 3250 ultro
999 3191 1106 3273 duxiffe

104 3296 258 3359 arguens.
302 3277 421 3337 Contra
440 3269 612 3344 Lucullus,
635 3269 763 3334 ratione
781 3267 941 3356 gestorum
958 3269 1104 3348 reddita,

103 3372 221 3422 contra
248 3355 403 3420 invidiam
431 3351 557 3416 meritis
586 3351 766 3436 pugnabat:
795 3373 902 3438 neque
930 3375 970 3416 eo
998 3356 1105 3420 minua

103 3439 255 3522 Pompeji
279 3435 425 3530 potentin
448 3448 534 3498 tanta
558 3433 641 3505 suit,
673 3447 709 3496 ut
726 3455 788 3517 per
805 3435 936 3498 venales
955 3433 1104 3501 homines

102 3521 186 3586 tanti
202 3519 266 3582 viri
284 3515 464 3599 Jussillimua
481 3513 664 3602 triumphus
682 3517 716 3576 iu
733 3529 835 3579 totum
850 3516 1028 3581 triennium
1040 3518 1105 3580 ‹tit-

102 3605 263 3667 serretur.

137 3791 315 3864 Gap-XXV.
334 3787 485 3864 Liulipit.
503 3783 634 3908 Appiam
653 3783 848 3854 inanimam.
865 3784 911 3912 Ap
934 3785 992 3842 'am
1028 3786 1101 3908 Cap.

100 3863 210 3920 XXVI·
237 3855 538 3930 Dtn,l.ao.1³tut..
579 3871 620 3907 ro.
656 3853 863 3926 capxxvlt.
922 3868 965 3911 ut.
989 3857 1070 3910 Lucu
1082 3853 1102 3910 1.

99 3929 214 3988 Areon.
228 3931 260 3986 in
268 3935 339 4004 Tog.
358 3925 483 3986 candid.
502 3923 577 3978 Plut.
594 3923 832 3981 Nicolllnmnao.
843 3924 1101 3997 apudltlten.l.7,
1179 3951 1181 3954 -

101 4021 128 4060 t·
141 4022 188 4062 xx.
207 4013 239 4059 et
254 4019 298 4070 rr,
315 4021 357 4059 tr.
374 3996 446 4055 Sall.
463 3992 548 4050 Catil.
565 3993 645 4051 edo.
664 3991 725 4072 Cio.
737 3993 827 4052 Acad.
846 3994 1064 4078 Quaest.l.4,o.
1076 4012 1099 4050 t.

455 4101 759 4132 -ᾱ-ἰ-ι-
