2666 4688
326 244 366 306 ts
387 241 667 304 rnumsunun
685 193 1098 304 surranunnronnn
1115 241 1189 318 na.
1205 241 1309 304 xnrn.

168 447 201 500 U.
211 449 264 504 nd
301 461 421 532 .atque
447 447 575 510 rinctus
604 456 664 512 est.
709 446 776 508 Alii
801 459 932 532 quoque
959 450 1179 509 Romanorum
1205 429 1310 510 eadem

151 525 188 588 ,Α
215 519 249 574 0·
301 527 460 613 perfidia
478 533 642 615 correpti:
672 527 736 589 nisi
752 529 840 612 quod
854 551 936 592 unus
961 530 1151 592 adolescens
1173 529 1311 592 bollilem

322 613 490 674 saevitiam
507 608 688 674 voluntaria
705 626 809 672 morte
827 612 1012 674 antevertit.
1046 611 1120 696 Quo
1137 613 1237 695 magis
1251 613 1312 673 cri·

319 695 400 753 mini
426 693 534 754 Manio
561 694 687 767 datum,
727 691 814 775 quod
838 693 888 754 vir
916 692 1122 776 triumphalis
1143 708 1176 756 et
1196 696 1308 766 senex,

317 772 404 835 ritae
429 773 596 836 desiderio
619 774 736 846 victus,
768 787 930 836 extremae
951 773 1117 836 servitutis
1143 777 1222 836 mala
1238 796 1310 860 per·

317 855 433 918 ferret.
457 859 547 918 llex
575 857 661 918 enim
680 857 819 918 vinculis
838 870 872 918 et
890 856 1083 920 verberibus
1105 871 1202 941 atque
1225 857 1308 918 omni

234 979 238 990 ι
317 939 479 1021 supplicio
496 941 714 1000 excruciatum
730 936 813 999 alino
827 939 980 1000 miserum
998 939 1164 1020 imposuit,
1188 959 1309 1002 seeum-

245 1058 247 1066 ,
316 1026 381 1162 que
400 1019 521 1082 ducens
539 1021 572 1080 in
590 1021 735 1103 agmine,
767 1019 924 1094 subinde,
953 1020 1085 1081 Manium
1096 1019 1211 1104 seeffe,
1233 1043 1308 1106 pro·

316 1121 454 1162 camare
474 1101 597 1185 coegit:
621 1102 727 1164 donec
745 1103 778 1162 in
796 1103 863 1163 Per
885 1113 1029 1164 ainenam
1051 1101 1165 1164 urbem
1181 1119 1309 1166 ventum

317 1180 371 1244 est.
395 1184 440 1244 ibi
458 1199 491 1246 ut
513 1185 578 1267 ipsi
598 1204 663 1244 non
681 1185 795 1255 modo,
819 1123 884 1244 sul
897 1185 996 1246 etiam
1014 1185 1169 1248 universo
1189 1187 1308 1247 nomini

316 1266 482 1344 Romano,
513 1266 729 1408 exprobraret
750 1267 934 1342 avaritiam,
965 1287 1078 1331 aurum
1101 1268 1308 1356 liquefactum

317 1345 352 1407 in
375 1367 412 1408 os
433 1347 503 1426 ejus
521 1348 555 1408 in
572 1347 650 1408 udit.
1009 1379 1011 1382 ·
1184 1356 1187 1362 '

931 1403 937 1422 Ι

144 1497 305 1568 praestate..
346 1459 350 1466 ’
376 1477 553 1551 1v.'1nde‚
584 1479 760 1562 praelectis
782 1480 904 1565 ubique
922 1480 966 1541 im
991 1478 1105 1549 utitis,
1136 1479 1309 1559 Mitylenen

128 1583 268 1618 manarum
317 1558 406 1621 adiit.
439 1581 513 1621 mox
538 1561 716 1624 insoniam
744 1581 846 1646 usque
867 1581 968 1646 proce
996 1575 1040 1634 tt,
1063 1581 1100 1623 ac
1120 1559 1308 1643 Magnesiae,

126 1647 236 1720 statuas
258 1635 302 1689 δ’·
316 1641 435 1703 deinde
460 1641 584 1725 Ephesi
603 1659 768 1726 gratanter
791 1657 946 1727 exceptus
964 1658 1023 1707 eat.
1066 1647 1094 1704 E
1118 1642 1194 1704 hessi
1212 1663 1310 1727 quum

121 1717 236 1774 ΜΨ·
315 1725 388 1784 aliis
420 1724 519 1798 rebus
542 1726 690 1786 omnibus
715 1725 831 1788 eximia
853 1725 887 1785 in
913 1745 1025 1809 regem
1043 1667 1144 1786 nulia
1167 1725 1309 1786 deelara-

315 1813 407 1879 runt,
438 1821 505 1868 tum
533 1807 629 1867 etiam
651 1811 888 1879 Rornanorum,
918 1807 1048 1892 quasin
1066 1808 1148 1868 urbe
1165 1828 1221 1868 sua
1243 1809 1310 1868 col·

314 1887 521 1962 locaverant,
550 1886 663 1950 llatuae
688 1903 898 1952 everteruntt
932 1909 997 1974 quo
1021 1889 1153 1968 nomine
1181 1889 1311 1950 nonita

314 1971 417 2029 multo
440 1969 510 2054 post
528 1971 645 2032 acerbo
664 1972 808 2033 mulctati
832 1984 917 2041 sunt,
959 1975 1009 2032 Ex
1025 1972 1122 2034 Jonia
1141 1983 1311 2034 reverten-

314 2050 342 2111 ti
361 2052 564 2115 Stratonicea
581 2067 691 2136 portas
709 2052 835 2125 ebulit,
866 2073 933 2114 non
951 2053 1109 2136 ignobilis
1128 2054 1243 2118 Cariae
1265 2053 1310 2114 ci-

314 2133 409 2194 vitas.
451 2135 556 2217 igitur
598 2125 644 2196 oll
658 2133 859 2198 deditionem
879 2135 1048 2218 pecuniam
1066 2135 1176 2220 exegit
1191 2133 1232 2196 ab
1254 2155 1311 2218 op-

117 2209 120 2234 *
198 2235 207 2266 t
313 2213 461 2297 pidanis,
483 2217 740 2302 praesdiumque
758 2217 925 2301 imposuit.

151 2323 300 2410 Mithrida·
372 2323 412 2388 V.
434 2323 518 2382 Dum
540 2323 644 2385 inhia
666 2322 817 2386 curandis
840 2338 1037 2408 occupatur,
1059 2323 1148 2386 lorte
1168 2323 1312 2408 puellam

126 2403 166 2444 ἰ’
213 2395 332 2461 msen-0
355 2405 467 2486 regiae
486 2405 609 2468 formae
628 2425 705 2468 cons
730 2407 851 2480 leatus,
892 2407 1055 2468 Monimae
1078 2417 1197 2468 nomen
1220 2421 1310 2476 erat,

127 2421 584 2570 ”⁵⁸⁸⁸“‘li·.1³ln10poemenis'
615 2489 729 2550 Mileti
765 2486 872 2564 filiae,
910 2509 1028 2552 aureos
1066 2489 1099 2550 ei
1123 2488 1316 2572 quindecim

312 2567 413 2628 millis
427 2565 514 2630 dono
526 2567 617 2644 milit,
641 2570 848 2634 concubitum
861 2571 1003 2656 virginis
1018 2583 1187 2654 expetens.
1202 2583 1205 2592 ·
1232 2569 1312 2640 Sed,

311 2649 367 2709 illa
393 2649 584 2734 pudicitiam
605 2652 731 2716 divitiis
752 2667 988 2738 anteponente,
1011 2673 1109 2738 quum
1127 2673 1190 2716 nec
1210 2671 1315 2736 expo-1

312 2749 411 2813 gnare
438 2731 606 2796 blanditiis
635 2736 775 2815 animum
795 2735 864 2818 ejus
884 2737 1006 2822 pollet,
1035 2750 1144 2818 nemre
1162 2735 1232 2796 rim
1256 2729 1315 2794 ad.

311 2814 427 2876 hibere
446 2817 564 2888 veltet,
598 2835 638 2880 eo
658 2815 853 2900 postremum
872 2817 1029 2881 adductus
1049 2814 1115 2888 est,
1157 2830 1195 2877 ut
1216 2813 1314 2897 justas

314 2916 386 2957 curn
414 2915 452 2958 ea
472 2898 601 2982 nuptias
619 2897 849 2977 contraheret,
878 2901 1035 2986 milloque
1052 2897 1234 2960 diademate
1258 2905 1314 2958 rc·1

314 2979 422 3062 ginam
445 2981 634 3064 appellaret.
1312 3015 1313 3050 t

287 3139 293 3150 .
377 3085 432 3154 Vl.
458 3089 547 3150 Haec
563 3108 627 3185 per
644 3085 745 3150 otium
771 3085 888 3172 agendi
908 3099 972 3148 tem
999 3107 1037 3148 us
1056 3086 1128 3170 regi
1145 3073 1313 3155 Romanad

313 3155 407 3231 urbis
427 3169 612 3232 discordiae
629 3164 764 3233 dabant:
784 3169 904 3254 'quibus
922 3189 983 3253 pro
1008 3167 1108 3230 ibitua
1134 3167 1225 3230 Sulla
1247 3188 1312 3226 ma«

313 3265 424 3316 turare
451 3251 695 3336 expeditionem
722 3252 924 3336 nequiverat,
968 3250 1085 3312 Sedet
1111 3247 1275 3310 nummari

313 3333 365 3396 rei
395 3331 570 3398 difficultas
597 3355 662 3395 non
696 3353 830 3418 parrum
858 3331 1020 3396 lellinanti
1043 3329 1305 3428 impedimenta*

315 3436 351 3478 se
367 3415 555 3496 objecerat:
591 3430 711 3478 tantum
728 3417 939 3499 inopiaeuno
958 3409 1100 3475 intestini
1117 3411 1199 3474 belli
1219 3411 1279 3472 bie

315 3499 371 3560 nio
391 3489 544 3560 effectum
562 3511 642 3561 erat.
687 3503 798 3584 Neque
819 3498 953 3560 deerant
973 3497 1106 3557 omnino
1125 3493 1302 3580 pecuniae

48 3591 50 3605 ¹
162 3579 375 3642 summme]
398 3599 519 3664 paucos
550 3582 636 3642 intra
662 3579 745 3660 linus
765 3579 998 3643 condebantur.
1031 3595 1113 3662 quoa
1138 3578 1231 3638 inter
1257 3577 1284 3638 C

131 3673 186 3778 {¹3¹
205 3658 299 3710 Μή·
314 3659 490 3748 Pompejus
513 3663 648 3738 Strabo,
688 3663 744 3748 qui
760 3663 915 3724 Asculum
939 3660 1027 3722 omni
1044 3657 1207 3730 refertum
1233 3677 1279 3742 op

352 3849 425 3921 (lup.
442 3847 494 3904 lll.
515 3851 592 3906 Veli.
610 3866 636 3908 2.
655 3849 696 3905 18.
721 3835 846 3902 llioilor.
870 3845 937 3903 Val.
958 3835 1036 3903 illan.
1055 3842 1236 3968 p.13.'(1ic.
1258 3859 1282 3916 p

284 3985 293 3990 -
317 3919 440 3974 Scauro.
457 3918 517 3973 Cic.
557 3937 592 3973 ro
607 3919 680 3991 Leg.
697 3919 797 3973 Manil.
815 3918 876 3971 cti.
895 3917 940 3990 Ap
964 3915 1020 3970 ian.
1036 3916 1058 3970 P
1072 3915 1202 3972 ludw-
1244 3915 1293 3968 Ca

316 3991 369 4044 lv.
387 3989 408 4042 t
434 3987 512 4058 pisn.
528 3937 651 4059 llutrop.
671 3989 715 4062 lp
739 3989 797 4056 ian,
813 3985 931 4066 Strabo,
943 3933 971 4040 l.
990 3989 1030 4054 ¹4·
1048 4001 1078 4055 p.
1096 3985 1158 4038 too.
1186 3981 1293 4062 Appia

317 4059 391 4179 gap.
409 4005 446 4184 l}
466 4056 544 4181 lglut.
561 4056 673 4114 bucull.
687 4004 766 4116 ulo.
781 4057 910 4127 Apprun.
925 4053 1000 4110 Plut.
1034 4051 1270 4126 eap.V1.App1

346 4139 405 4180 roa.
436 4145 505 4183 .1.
