2734 4688
312 245 374 315 soa
415 201 615 298 nnnrnsn.
637 204 1052 296 surrneunuro'nou
1071 227 1267 290 umnam.

119 495 123 500 .
147 445 181 502 U.
199 461 225 500 e.
239 441 301 502 683·
316 439 389 514 etilo
410 414 564 515 militani3
601 437 632 497 in
657 456 738 519 quos
762 435 902 508 obselli,
925 449 1057 576 praeter
1082 436 1179 497 solita
1203 435 1307 498 delen-

146 515 172 568 Ᾰ
198 515 285 586 0·⁶9·
317 523 432 586 dendis
452 521 598 592 urbibus,
623 518 716 600 ignes
734 518 841 580 omnia
859 537 929 580 com
955 532 1098 591 urentes,
1122 537 1186 579 nec
1205 517 1307 579 reilin-

318 605 374 691 gui
392 603 525 675 faciles,
549 601 797 680 ejaculabantur.
833 599 988 684 Napbtam
1008 613 1126 661 vocant
1146 601 1306 662 bituminis

319 687 434 770 genus,
457 685 538 748 adeo
555 695 723 765 cognatum
740 679 883 777 ignibus,
908 694 942 742 ut
962 681 1087 742 eminus
1107 684 1215 764 rapiat
1228 680 1307 742 llam-

318 789 407 836 mas,
439 777 470 828 et
492 777 654 826 momento
681 763 732 823 rel
757 783 790 823 rn
815 763 910 846 longa
933 763 1033 832 spatia
1054 761 1214 824 diliusum
1231 764 1308 824 inar-

320 849 437 911 descat.
468 846 584 908 similis
610 837 722 906 natur'a
745 843 900 916 malthae,
925 839 1014 922 ctijus
1031 845 1064 904 in
1082 847 1308 929 Commagenes

319 931 402 992 urbe
425 927 596 992 Samosatis
622 925 761 1008 stagnum
786 923 847 1002 ell3
878 947 940 1008 qua
964 925 1078 999 etiam,
1108 942 1308 1012 oppugnante

320 1012 474 1086 Lucullo,
495 1030 605 1071 muros
624 999 803 1070 defendisse
822 1007 977 1092 oppidani
995 1008 1180 1070 traduntur.

55 1134 62 1154 .
149 1145 308 1218 Ejusarbtr
380 1135 528 1196 xxxtx.
559 1131 701 1216 Urgebat
718 1144 824 1192 tamen
844 1131 1010 1215 inceptum
1028 1132 1206 1202 Lucullus,
1234 1129 1309 1192 baud

24 1257 25 1260 =
133 1219 281 1293 opulentia.
322 1215 492 1287 dubitans,
524 1213 749 1276 succursurum
772 1213 804 1274 ei
825 1213 898 1274 urbi
918 1214 1112 1296 Tigranem,
1136 1235 1230 1308 quam
1249 1229 1308 1274 tan·

321 1313 373 1362 tae
399 1313 496 1360 curae
523 1316 652 1378 semper
677 1294 851 1368 habuilset,
887 1308 999 1378 totque
1021 1317 1058 1357 ac
1079 1309 1178 1356 tantis
1200 1295 1307 1356 nobili-

222 1375 231 1384 *
280 1413 284 1420 ·
321 1381 414 1444 talset
432 1379 640 1440 ornamentis.
672 1381 817 1460 Namque
837 1377 1008 1459 Tigranes,
1030 1391 1066 1438 ut
1078 1371 1163 1438 lianc
1177 1378 1308 1438 omnium

193 1452 195 1465 ’
323 1461 473 1525 efficeret
489 1453 774 1544 opulentissimam,
796 1458 991 1540 proceribus
1007 1459 1086 1530 suis,
1109 1473 1145 1521 ut
1160 1459 1208 1519 ibi
1222 1457 1307 1518 babe-

321 1557 396 1608 rent
416 1542 600 1614 domicilia,
623 1551 847 1623 praeceperat,
871 1539 986 1602 mulcta
1008 1561 1138 1625 quoque
1158 1539 1309 1622 imposita,

302 1638 379 1696 -ut,
410 1623 486 1708 quid
512 1623 569 1683 uid
593 1621 807 1705 pretiosarum
838 1643 947 1683 rerum
973 1621 1004 1684 in
1032 1643 1100 1683 eam
1122 1623 1236 1683 urbem
1252 1639 1310 1679 non

323 1705 473 1767 transtuli
500 1717 572 1778 ent,
594 1703 827 1787 publicaretur.
872 1705 945 1764 Huc
964 1705 1085 1766 coactis
1105 1706 1309 1772 Graecorum,

323 1785 585 1858 Adiabenorum,
608 1785 823 1865 All'yriorum,
849 1785 1112 1867 Gordyenorum,
1136 1805 1222 1870 eque
1238 1787 1311 1866 Cap-

323 1867 460 1953 padocia
480 1881 512 1928 et
526 1866 640 1928 Cilicia
658 1869 766 1928 multis
786 1867 939 1938 millibus,
963 1889 1099 1952 quorum
1117 1869 1238 1954 patrias
1255 1885 1311 1924 non

301 1951 418 2022 ,aliam
442 1947 546 2010 ferme
569 1947 610 2010 ob
631 1949 763 2010 caussam
784 1947 966 2022 exciderat,
997 1969 1124 2010 murum
1151 1959 1314 2012 curaverat

324 2029 598 2094 exaedificandum
616 2029 798 2092 cubitorum
817 2029 1049 2114 quinquaginta
1068 2031 1256 2104 altitudine,
1283 2029 1313 2087 in

324 2111 415 2194 cujus
432 2113 553 2174 ambitu
568 2111 684 2174 liabula
703 2131 859 2196 equorum
875 2124 967 2174 erant
983 2111 1152 2195 disposita.
1183 2111 1314 2208 Regiam

325 2215 455 2290 quoque
474 2195 653 2290 bortqsque
675 2194 708 2253 in
730 2191 915 2265 suburbiis,
938 2193 1146 2279 ferarumque
1168 2208 1200 2256 et
1223 2191 1313 2277 pisci·

324 2297 379 2337 um
400 2275 536 2349 vivaria,
559 2288 701 2360 itemque
719 2294 827 2337 arcem
847 2274 982 2338 validam
999 2274 1086 2358 juxta
1102 2273 1270 2337 llruxerat.
1345 2291 1346 2313 t

165 2421 314 2478 maresa.
388 2407 456 2468 xt..
479 2411 593 2490 Neque
611 2405 816 2470 Mithridates
835 2407 940 2479 aliud,
972 2428 1066 2492 qnam
1092 2407 1181 2492 quod
1207 2408 1243 2468 in
1266 2427 1315 2468 ex-

136 2493 313 2562 terrigrarum
326 2485 524 2583 spectatione
537 2489 674 2572 Lucullo
689 2503 776 2562 erat,
801 2490 974 2552 metuebat.
997 2491 1125 2553 crebris
1144 2510 1228 2574 ergo
1243 2511 1318 2550 nun·

136 2562 298 2614 ‘dmm'
326 2571 388 2632 cris
411 2569 583 2654 literisque
607 2569 758 2632 monebat
775 2573 968 2656 Tigranem,
999 2593 1033 2631 ue
1057 2579 1087 2634 iu
1108 2575 1258 2633 discrima
1279 2593 1318 2630 res

136 2644 269 2700 ‘mu'
325 2655 424 2713 daret:
457 2670 564 2735 paritum
584 2656 746 2732 intercipere
770 2673 944 2714 commeatum
966 2657 1114 2715 niteretur.
1155 2671 1238 2711 raram
1258 2653 1317 2712 sarrs

216 2759 219 2767 ’
325 2737 457 2794 victoriae
476 2739 559 2793 eiam.
582 2732 689 2793 cellatis
701 2731 787 2814 fieris
805 2733 1011 2815 insuperabilem
1029 2741 1085 2795 aim
1099 2735 1251 2796 Romanam
1263 2731 1316 2804 etse.

324 2815 447 2878 Eadem
460 2814 602 2888 Taxilae,
628 2814 692 2876 dux
708 2815 923 2890 Mithridatis,
942 2817 998 2901 qui
1017 2831 1084 2878 tum
1097 2818 1237 2902 Tigrani
1252 2807 1320 2877 ade·

268 2951 273 2962 .
325 2911 397 2970 rat,
420 2897 612 2982 praecipere
632 2917 698 2959 non
715 2897 893 2964 desinebat.
1009 2915 1017 2938 ‘

147 3033 313 3098 seraitae.
390 3029 473 3090 xnt.
497 3028 656 3126 Tigranes
673 3029 711 3090 ab
724 3030 819 3090 initio
834 3031 1012 3112 praebebat
1023 3051 1130 3099 aures.
1154 3031 1225 3104 sed,
1242 3029 1320 3116 post·
1343 2989 1344 3000 .

138 3105 313 3158 recusandu-
327 3131 420 3195 quam
441 3111 669 3171 Armeniorum
689 3110 1006 3198 Gordyeneru'mque¹
1022 3129 1131 3176 coacta
1153 3115 1320 3176 multitudo

135 3173 312 3305 1:723252'02
327 3191 447 3266 adsuit,
479 3193 708 3276 exercitusque
733 3194 923 3256 numerosos
945 3197 1116 3258 Medorum
1138 3197 1319 3259 Adiabeno-

136 3310 312 3380 ,aampm
326 3293 463 3374 rquue
481 3291 578 3356 teget
597 3273 815 3372 ademerunt,
840 3291 1010 3360 praeterea
1031 3279 1247 3361 aBabylnnio
1262 3299 1321 3338 ma·
1342 3319 1343 3360 3

136 3377 188 3432 m,
325 3374 356 3416 rr
377 3353 536 3426 Arabum,
559 3355 711 3441 aCaspro
731 3356 929 3420 Albanorum
950 3373 982 3422 et
1000 3359 1172 3422 iberorum
1191 3379 1321 3443 magnus

324 3456 479 3498 numerus
496 3435 637 3510 advenit,
660 3439 890 3501 accedentibus
906 3461 1037 3540 qnoque
1052 3442 1235 3504 liberarum
1253 3461 1323 3526 gen-

323 3519 405 3580 tium
430 3517 579 3592 auxiliis,
618 3539 699 3603 quae
725 3519 764 3582 ab
789 3521 893 3583 Araxe
922 3519 1041 3596 llurro,
1079 3525 1198 3621 partim
1234 3524 1324 3585 donis

177 3725 183 3736 .
270 3676 284 3687 ‘'
323 3679 365 3742 ad
413 3678 611 3764 iripiendum
637 3683 865 3748 nobilissimum
890 3685 933 3750 iis
961 3688 1030 3764 oris
1073 3709 1170 3749 anum
1187 3691 1326 3750 Romam

358 3867 433 3942 cap.
450 3871 608 3928 xxxma.
635 3870 777 3944 xiphilin.
805 3870 877 3929 san.
899 3873 969 3929 nan.
991 3876 1025 3942 a,
1046 3837 1090 3930 aa.
1116 3873 1192 3928 rna.
1213 3892 1250 3942 a,
1271 3873 1328 3928 ns.

322 3937 398 3994 rtur.
418 3936 500 3994 Alex.
518 3957 543 3994 c.
561 3943 604 4004 et.
646 3943 685 3996 Ca
710 3942 861 3996 .XXXIX.
883 3943 956 3998 Plin.
976 3947 1082 4010 s„1ol.
1109 3944 1186 3998 l’lut.
1212 3943 1329 3998 Lucull.

321 4005 451 4089 Appiae..
469 4007 545 4065 Plut.
564 4009 633 4076 Dio,
649 4009 670 4062 l.
685 3957 706 4065 d)
721 4049 743 4090 ·.
755 4008 883 4082 Appiae.
920 4013 993 4086 Cap.
1010 4011 1068 4066 XL.
1089 4011 1169 4078 Plut.
1186 4012 1323 4086 Appiam.

321 4075 398 4132 l’lut.
419 4076 481 4133 Cre.
498 4094 556 4150 pro
573 4078 650 4154 Lege
664 4076 767 4136 Maud.
786 4095 810 4134 e.
826 4097 854 4150 9.

323 3613 378 3660 aut
391 3597 499 3742 gratia
519 3613 624 3662 motae
641 3601 811 3674 miserant,
840 3600 958 3686 partim
978 3625 1014 3668 aa
1036 3606 1216 3750 opinione,
1243 3603 1342 3698 quod}
