2724 4706
273 235 317 350 fn
337 255 488 348 nocua
507 281 597 346 nm..
613 281 692 349 cnr.
712 281 827 352 mvn.
859 337 864 348 ,
932 310 937 332 ·
986 283 1049 368 647

576 419 1040 450 ““““-““““Τ““““““““““Ρ““

98 491 288 567 ιΒΧΧΧΙΙΞ
307 492 433 555 ‘Cetera
461 509 590 576 quoqne
617 491 663 554 ita
685 491 871 576 complexas
895 505 982 570 arat,
1017 509 1053 559 ut
1080 491 1221 563 llo-⁶⁹³·

65 591 107 636 ne
154 591 173 634 e
212 571 434 656 prudentiam,
473 591 581 714 nedae
612 573 804 656 aequitatem
834 571 1050 640 desiderares.
1066 561 1163 618 ’Μὶ-
1177 567 1221 632 ⁵9·

64 656 115 716 Pu
139 655 237 716 licum
251 673 362 738 agrum
377 673 502 722 omnem
543 651 695 727 indebat,
714 657 884 738 Campano,
903 656 945 718 cb
958 679 1051 741 pras·
1140 701 1145 712 ·

64 733 208 798 llastiam
232 735 397 819 regionis,
426 735 467 796 ad
488 735 631 796 subsidia
645 735 852 818 reipublicae
866 753 1052 802 reservato:
1064 715 1240 822 qma*

64 818 227 900 privatum
257 837 322 896 nep
346 818 411 878 nisi
436 839 454 878 a
476 816 749 896 volentibusemi
772 816 919 898 jubebat,
949 837 990 881 tte
1014 785 1084 884 tte8

64 898 203 960 minoris
222 897 379 982 plurisve,
403 917 497 995 qnam
512 895 690 960 aellimatus
708 897 742 958 in
759 917 859 960 censu
873 899 962 962 attat.
992 839 1057 964 de-

63 980 193 1040 cuniam
213 992 316 1042 sutem
341 978 461 1044 allatam
483 977 738 1040 subministrabat
759 1001 855 1062 quum
874 981 1056 1068 triumphas
1162 1011 1164 1016 ·

63 1059 227 1144 Pompeii,
250 1074 315 1122 tum
332 1082 450 1124 recens
467 1061 505 1122 ab
523 1081 563 1122 eo
581 1059 749 1123 constituta
766 1061 952 1146 vectigalia:
975 1083 1057 1148 quae

64 1143 187 1204 civium
205 1143 334 1218 usibus,
358 1163 493 1228 quorum
512 1155 544 1202 et
562 1143 719 1239 periculis
735 1157 825 1226 parta
841 1143 968 1220 forent,
990 1165 1058 1211 non

64 1223 232 1286 immerito
257 1223 408 1287 dicebant
435 1223 590 1309 impendi.
633 1223 722 1286 Haec
743 1238 891 1287 utrumne
912 1226 1058 1310 placeret

64 1305 170 1376 ferri,
203 1305 347 1388 singulos
374 1303 613 1390 interrogabat,
647 1318 887 1378 correcturum,
922 1309 950 1368 si
978 1307 1059 1393 quid

65 1407 170 1448 secus.
185 1387 340 1470 scriptam
359 1388 545 1460 videretur,
578 1399 632 1449 aut
650 1387 746 1470 plane
764 1385 944 1450 deleturum
960 1389 1058 1473 polli-

66 1469 162 1532 citus.
206 1470 272 1542 llli,
302 1491 398 1552 quum
425 1490 486 1532 nec
511 1468 662 1532 incusare
686 1469 794 1552 legent
821 1469 964 1550 pollent,
996 1489 1059 1534 nec

64 1549 151 1612 ferri
170 1551 300 1622 vallent,
324 1551 488 1634 promiiio,
510 1563 676 1614 auctorem
694 1561 839 1614 senatum
853 1549 937 1626 lore,
960 1571 1058 1636 quae·

66 1631 142 1694 sitis
161 1630 401 1718 impedimentis
422 1631 639 1698 morabantur.

131 1753 304 1816 Lxxxttt.
333 1756 376 1815 At
400 1755 500 1828 Cato,
533 1773 596 1838 pro
614 1751 766 1814 libertate
789 1752 913 1837 ingenii
932 1753 983 1817 sui
1002 1777 1057 1842 pa·
1083 1755 1253 1813 catulam.

66 1835 151 1907 lam,
183 1855 263 1918 quae
285 1835 441 1909 sentiret,
470 1835 680 1920 praeferens,
711 1833 817 1917 legem
842 1853 908 1895 non
930 1835 1157 1900 damna-“¹¹⁹⁸
1178 1843 1236 1881 Μ

65 1915 140 1992 bat3
172 1930 315 1978 ceterum
334 1915 488 2000 negabat,
520 1937 560 1980 ex
578 1916 647 1990 bis,
679 1935 760 1998 quae
779 1928 869 1978 antea
892 1915 1059 1982 constituta
1071 1897 1194 1950 ΨΜ·

65 1997 181 2068 silent,
205 1999 328 2060 moveri
347 1995 519 2082 quidquam
534 1993 706 2081 operteres
729 1995 929 2082 ducebatque
948 1998 1058 2062 dicen-

66 2077 111 2139 do
131 2077 238 2150 diem,
260 2077 437 2164 neperlici
456 2100 510 2140 res
529 2099 564 2140 ea
584 2077 696 2162 pollet.
727 2078 854 2162 quippe
866 2069 1059 2144 sententiam
1095 2093 1099 2112 ·
1167 2077 1175 2096 ”

65 2174 183 2222 ravato
210 2161 352 2222 senatori
378 2159 513 2232 licebat,
539 2161 635 2222 ctiam
656 2157 728 2220 aliis
750 2157 927 2232 derebus,
952 2163 1058 2246 quoad
1095 2171 1107 2228 ’,

65 2207 186 2313 vellet,
210 2242 386 2304 disserere.
429 2243 510 2302 Tum
530 2239 714 2304 Caesarira
734 2253 928 2313 commotus,
962 2244 1056 2306 simul

64 2337 103 2386 ut
128 2322 249 2385 ceteris
277 2323 437 2386 incuteret
464 2337 600 2396 metum,
639 2321 792 2384 Catonem
820 2321 943 2384 extrahi
968 2325 1057 2390 curia

65 2425 132 2490 per
154 2403 321 2478 lictorem,
349 2405 488 2488 ducique
510 2406 543 2464 in
563 2421 728 2465 carcerem
746 2401 842 2484 jutrn.
878 2405 1058 2468 nantillam

66 2487 218 2549 tribunos
233 2485 464 2569 appellaturum
483 2485 642 2568 sperabat.
673 2483 762 2556 Cato,
784 2484 870 2548 nulla
885 2503 965 2547 voce
979 2489 1057 2548 mia·

67 2591 122 2640 aa,
145 2570 357 2654 sequebatur:
385 2586 425 2628 ne
451 2586 491 2627 ue
509 2565 621 2648 pauci,
643 2565 760 2628 relicto
776 2579 899 2638 senatu,
923 2567 1058 2628 comites

66 2651 100 2712 ei
119 2651 224 2712 ibant:
257 2667 393 2732 quorum
448 2647 640 2728 ‚Petrejus‚
664 2645 850 2729 objurgatus
867 2667 884 2706 a
900 2649 1056 2722 Caesare,

66 2731 158 2816 quod
176 2729 316 2793 non'tlurn
335 2729 425 2790 millo
444 2741 556 2790 senatu
577 2727 780 2800 discederet,
811 2727 911 2800 Malo,
941 2727 974 2788 in
1020 2729 1057 2802 it,

65 2841 73 2870 t
74 2811 126 2896 ffe
135 2833 195 2874 cam
215 2811 317 2874 Catoni
335 2815 364 2869 ia
382 2827 504 2882 carcere,
526 2829 605 2890 quam
622 2827 715 2869 tecum·
728 2811 757 2868 in
773 2811 859 2868 curia.
903 2807 955 2870 0b
1018 2829 1058 2871 nc

66 2893 242 2964 invidiam,
267 2907 300 2954 et
317 2892 390 2978 quia
408 2890 538 2976 plebem
580 2909 686 2974 coque
703 2889 858 2972 gesserim
874 2887 954 2951 haec
968 2887 1058 2954 lerr'e

66 2973 401 3046 animadvertebatur,
425 2913 696 3043 destitit-deeset,
720 2969 935 3056 submiffcque
953 2969 1057 3034 tribu·

65 3077 112 3118 no
130 3053 239 3142 plebis
261 3051 486 3116 dimittendum
504 3055 657 3117 Catonem
680 3048 813 3114 curavit.

130 3161 305 3224 LXXXIV.
338 3162 388 3224 Eo
407 3174 573 3243 tempore,
605 3178 701 3243 quum
727 3172 871 3222 senatum
893 3149 1055 3234 mitteret,
1087 3163 1227 3217 caesarae-

66 3245 174 3306 laetus
195 3242 382 3326 contigitis,
428 3261 502 3304 uem
522 3253 718 3326 optaverat,
736 3239 776 3300 ad
796 3241 922 3323 plebem
945 3261 980 3304 se
1002 3225 1251 3302 ati-“⁸¹¹¹Wtu·

65 3325 214 3413 plicandi
233 3261 491 3412 colorem,lbse
509 3335 629 3384 tantum
648 3319 784 3400 adjecit3
815 3323 947 3402 Epsidem
961 3341 1010 3383 aas
1030 3301 1122 3382 σθ’·
1166 3365 1170 3374 .

57 3412 175 3491 Jatdices
192 3409 259 3489 legis
277 3427 305 3468 et
319 3425 443 3474 necteres
461 3403 511 3486 effi
526 3403 618 3477 volui,
637 3405 796 3484 priusquam
812 3421 870 3462 cetu
880 3399 992 3482 papale·
1042 3435 1056 3457 ,

66 3509 151 3564 tent,
170 3493 270 3551 Patres
287 3487 448 3569 confirmi:
463 3485 531 3568 sed,
553 3489 679 3568 quostiam
695 3483 770 3544 votis
786 3499 843 3544 tatu
860 3481 990 3542 hermam
1010 3486 1060 3542 itit
1088 3545 1095 3556 ,

65 3571 216 3652 displicet,
238 3567 471 3650 taprobanen,
498 3587 576 3649 quest
595 3561 830 3637 attrabatem,
858 3580 965 3624 wirunt
982 3563 1062 3641 inju-

64 3659 128 3714 rias
146 3651 315 3736 rependitis,
335 3667 402 3732 age,
413 3647 525 3727 jubebit
541 3645 667 3730 popalm,
691 3644 763 3728 qaod
782 3649 805 3706 ei
823 3645 972 3706 videbitur.
995 3645 1060 3706 Ex·

64 3731 161 3809 inde,
185 3743 297 3796 senatu
311 3749 448 3815 prorsas
462 3730 632 3813 neglecto,
655 3725 746 3790 let-rs
762 3724 802 3788 ad
816 3727 969 3812 populum
983 3742 1060 3788 cce·

64 3817 130 3901 pit.
166 3813 240 3910 Quo
259 3827 366 3876 umen
381 3808 583 3876 bonellicres
599 3807 737 3872 baberet
751 3823 913 3882 suctores,
932 3807 968 3870 in
982 3827 1060 3870 con·

69 3899 170 3962 cicae
196 3893 411 3979 interrogavit
432 3893 599 3976 collegam,
622 3893 716 3974 ecquid
731 3895 755 3952 et·
770 3890 869 3973 integr
883 3885 1062 3972 displiceret?

104 4081 345 4168 cantarana
363 4075 399 4136 t.
416 4040 494 4160 etti.
508 4039 590 4146 aas.
609 4077 732 4134 aaaron.
752 4075 829 4132 nat.
851 4054 934 4166 cpit,
946 4081 980 4130 a
994 4074 1065 4132 cn.

74 4157 144 4215 bro.
166 4155 234 4215 vat.
243 4154 422 4217 Mennis.
439 4151 510 4204 Dte·
525 4145 605 4205 etur.
641 4147 715 4218 cip.
732 4145 880 4222 LXXXW.
897 4147 990 4220 ptos·
1021 4197 1026 4204 .

602 4247 606 4256 ·
713 4219 837 4297 Mma

1082 631 1167 701 Iagis
1183 633 1223 684 A·
1348 671 1351 676 .
