2654 4690
304 259 365 340 27⁶
398 205 1108 322 rnarmuuuuacrrannanronuu
1121 257 1282 322 araur.

150 473 289 542 [λαόν.
304 466 420 528 simum
436 463 516 540 luit,
538 482 609 527 rem
626 463 734 548 paullo
756 485 792 526 au
818 483 854 524 ra
869 461 988 548 repeti,
1020 462 1061 525 ad
1079 464 1195 540 multa,
1219 487 1303 550 quae

151 543 288 614 A.c.7⁵.
304 549 390 610 scire
410 549 555 608 lecturos
575 547 698 621 refert,
728 486 902 631 proluerit.
944 543 1114 629 Postquam
1161 549 1301 624 dmum,

303 630 470 712 Scipionis
493 627 667 691 deficiente
688 629 851 700 exercitu,
876 628 1044 690 Sertorius
1064 629 1099 690 in
1147 630 1302 716 ispaniam

297 711 454 794 abiceret,
468 723 535 772 tum
545 710 758 773 admiratione
770 709 902 772 virtutis
914 723 947 770 et
958 708 1143 784 industriae,
1156 725 1225 772 tum
1235 735 1301 776 am·

296 794 419 856 bitioao
434 795 550 856 ac‘leni
560 792 713 878 imperio,
759 791 985 853 rovincialium
1003 791 1098 853 simul
1109 793 1301 880 civiumque

295 877 526 948 Romanorum,
543 876 606 960 ‘qui
625 873 707 936 locia
725 814 792 934 illia
803 871 1027 946 consederant,
1050 875 1095 936 ita
1109 877 1301 938 conciliavit

295 958 439 1028 animoa,
461 971 495 1018 ut
511 957 619 1040 paullo
636 953 715 1040 poll,
737 975 854 1038 magno
871 956 1017 1018 exercitu
1031 969 1157 1028 coacto,
1182 959 1221 1020 C.
1234 963 1302 1020 An-

295 1038 371 1112 nio,
401 1038 492 1100 millu
517 1039 628 1101 Sullae
646 1039 679 1098 in
696 1036 760 1097 His
779 1037 881 1098 aniam
902 1038 1012 1108 eunti,
1044 1058 1100 1100 aex
1121 1039 1229 1102 millia
1250 1063 1302 1101 ar-

295 1134 473 1192 matorum,
496 1119 580 1182 duce
597 1119 695 1182 bivio
717 1059 918 1192 Salinatore,
943 1139 962 1180 ο
988 1138 1111 1203 ponere
1131 1124 1301 1205 potnerit:

296 1203 372 1286 qui,
399 1203 566 1286 occupatis
583 1202 742 1285 Pyrenaei
762 1199 936 1301 angustiis,
961 1141 1111 1266 dullanoa
1132 1201 1228 1267 aditu
1250 1226 1301 1266 arc

297 1297 423 1346 carent.

131 1452 273 1510 Sanora„
335 1441 456 1503 'xxm
481 1439 547 1504 Sed
565 1442 775 1504 obtruncatus
793 1464 809 1504 a
825 1439 1002 1524 Calpurnio
1016 1442 1155 1506 Lanario
1172 1441 1302 1506 Salina·

116 1525 152 1576 ’θ
178 1525 266 1579 Anaia
296 1525 368 1596 tor,
400 1543 496 1607 quem
523 1521 707 1587 lidillimum
730 1524 909 1588 amicornm
933 1523 1136 1598 crediderat,
1170 1527 1210 1588 C.
1230 1527 1301 1586 An-

113 1590 226 1661 pulsus.
295 1607 385 1666 nium
408 1605 517 1666 subito
540 1605 677 1666 imminit
698 1625 780 1668 neco
805 1606 987 1668 inentibus:
1020 1607 1106 1670 unde
1126 1607 1301 1672 Sertorius

295 1707 369 1752 cnm
387 1687 492 1748 tribua
512 1687 678 1750 hominum
696 1687 776 1748 mill’
803 1711 840 1751 na
858 1687 1085 1782 Carthaginem
1104 1709 1243 1762 novam,
1268 1703 1301 1752 et

293 1768 378 1830 inde.
389 1767 525 1836 naribus
543 1769 576 1828 in
590 1769 803 1840 Mauritaniae
820 1770 898 1832 litua
916 1771 1072 1854 periugit.
1111 1771 1191 1844 Sed,
1216 1774 1300 1832 mul-

292 1851 337 1913 tia
358 1850 518 1914 militibus
538 1851 625 1912 inter
644 1851 830 1934 aquandum
849 1851 955 1914 aubita
974 1851 1188 1916 barbarorum
1210 1855 1301 1914 irru-

290 1933 775 2079 tilttss.“¹lili:;.‡.²ttttl
793 1933 1300 2080 siiiiffiwmlliaiilii‘li'

288 2097 338 2158 nii
360 2097 393 2158 in
410 2038 542 2177 Pilyuaa
562 2095 662 2156 inl'ula
687 2039 883 2179 improiilua
904 2038 1072 2182 oppdellit.
1108 2097 1203 2170 -Sed,
1230 2063 1302 2160 lin-

289 2179 347 2240 nio
363 2199 509 2261 magnam
527 2175 655 2240 clall'em
673 2196 745 2238 eum
762 2200 824 2240 una
838 2181 970 2264 legione
985 2177 1179 2252 adducente,
1195 2201 1301 2266 proe-

220 2297 224 2308 ι
288 2261 336 2322 lio
356 2260 461 2325 navali
483 2279 597 2343 parum
619 2259 778 2342 prospero
795 2283 892 2335 naua,
915 2261 1003 2346 quod
1021 2267 1120 2326 naves
1139 2263 1234 2324 illiue
1254 2265 1302 2325 le-

289 2361 348 2404 ves
397 2362 553 2425 arumque
584 2338 693 2402 firmae
721 2343 926 2406 ortua'sorte
950 2357 1066 2406 ventus
1095 2343 1300 2424 disjecerat,

287 2419 358 2506 poll
374 2365 512 2506 longum
534 2437 567 2486 et
586 2441 694 2484 acrem
714 2423 876 2510 naufragii
894 2435 1034 2500 metum',
1065 2427 1176 2508 paullo
1197 2447 1302 2511 supra

288 2505 401 2568 Baetis
426 2506 528 2567 amnia
550 2503 628 2568 eilia
648 2505 816 2590 applicuit.

117 2685 223 2756 ngas„
236 2699 267 2738 0.
346 2658 464 2725 xxln.
496 2661 563 2726 Sub
587 2661 673 2726 idem
692 2675 821 2748 tempus
840 2677 955 2726 nautae
977 2680 1094 2725 recena
1117 2679 1156 2722 ex
1180 2658 1301 2721 insulis

96 2757 171 2825 gleni
184 2755 221 2805 ad
234 2755 274 2804 ln·
288 2744 460 2808 Atlanticis
479 2746 604 2808 revecti
625 2745 780 2808 miracula
797 2745 983 2807 narrabant:
1006 2743 1085 2805 duaa
1104 2739 1152 2803 ibi
1173 2739 1301 2804 insulas

96 2823 274 2876 ⁸⁸¹⁶³F⁰r⁸¹h
288 2828 491 2912 propinquae
514 2829 601 2892 inter
623 2849 677 2902 aa,
701 2840 735 2890 et
753 2825 867 2890 decem
885 2825 1030 2889 millibus
1047 2821 1156 2888 [indiis
1175 2825 1301 2906 procul

31 2968 43 2978 „
98 2903 196 2962 'uma
290 2908 473 2986 aGadibus
503 2911 599 2985 sitae,
630 2921 747 2994 auopte
770 2909 904 2992 ingenio
925 2909 1075 2970 alimenta
1097 2905 1302 2968 mortalibus

155 3019 162 3029 ¹
291 2991 441 3076 gignere.
484 2992 586 3074 lgitur
610 2993 777 3053 Fortunatae
801 2991 1018 3053 vocabantur:
1051 3001 1085 3051 et
1109 2985 1169 3048 baa
1195 2986 1302 3064 intel-

291 3073 405 3137 lexiffe
418 3073 596 3134 Homerum
612 3074 708 3136 etiarn
721 3071 806 3157 apud
818 3072 974 3134 barbarea
990 3070 1168 3140 obtinebat,
1194 3089 1302 3154 quum

292 3155 422 3237 Elysios
444 3175 574 3239 campos
598 3155 759 3242 sedesque
779 3154 949 3217 beatorum
970 3153 1190 3216 describeret.
1237 3155 1304 3212 Ea·

293 3259 367 3300 rum
384 3237 466 3312 elle,
490 3257 572 3322 quae
591 3235 691 3300 hodie
711 3241 843 3300 Canariae
860 3250 1044 3309 vocantur,
1057 3254 1098 3296 ex
1119 3232 1222 3294 modo
1244 3255 1303 3294 na-

293 3319 486 3404 vigationis,
518 3331 552 3381 et
577 3319 798 3406 descriptione
825 3319 991 3392 locorum,
1027 3329 1059 3378 et
1077 3333 1160 3399 quae
1181 3315 1228 3377 de
1249 3315 1304 3377 hia

201 3445 203 3452 ι
292 3399 557 3486 apudPlinium,
581 3417 713 3465 auctore
734 3401 817 3478 Juba
835 3421 934 3484 rege,
955 3411 1144 3468 narrantur,
1169 3419 1239 3480 pro
1270 3421 1321 3478 e.

291 3481 423 3544 modum
448 3481 578 3546 constat.
620 3485 682 3546 His
702 3483 803 3568 igitur
823 3482 999 3544 intellectis
1021 3477 1160 3542 traditur
1184 3421 1305 3542 taedio

291 3564 511 3650 praesentium
535 3565 721 3644 Sertorius,
752 3579 785 3627 et
801 3583 844 3625 ne
865 3577 920 3640 aut
938 3564 1048 3626 lacere
1067 3572 1121 3622 aut
1140 3563 1214 3642 pati
1237 3577 1306 3626 tarn

291 3645 392 3709 triliia
408 3650 569 3716 neeess'um
587 3650 682 3722 ellet,
711 3647 820 3731 lugam
837 3645 871 3706 in
887 3645 1063 3730 longinqua
1078 3641 1210 3706 Oceani
1232 3645 1306 3730 agi-

174 3768 181 3778 ·
291 3729 422 3804 taviffe,
449 3731 534 3815 apud
551 3733 742 3794 Fortunatae
765 3729 837 3791 illaa
856 3725 994 3804 insulas,
1018 3725 1105 3812 quod
1126 3721 1306 3813 reliquum

291 3811 371 3876 ellet
390 3815 480 3888 aevi,
503 3815 537 3875 in
555 3813 667 3898 quiete
686 3824 869 3897 exacturus.

318 4043 396 4126 pap.
407 4041 482 4100 xxl.
499 4043 575 4098 Plut.
594 4043 709 4122 §emon
724 4061 751 4098 c.
761 4061 788 4113 9.
807 4043 840 4101 L.
853 4039 967 4122 dmpel.
986 4039 1063 4098 Plut.
1078 4033 1083 4038 ⁵
1098 4039 1177 4114 Cap.
1188 4043 1308 4100 xxm.

286 4106 1307 4252 airu-rieule·atticano-tilblattea·
