2724 4706
196 187 1079 326 ·mmmfflm'm

414 353 1074 386 --——-———--—-

80 434 318 571 ffiwmm'
350 425 537 524 obsidibus,
562 431 681 510 armis,
703 429 853 515 perfugis
873 431 1020 509 traditis,
1042 435 1075 496 iu
1101 387 1140 496 o.
1158 457 1184 496 e.
1251 407 1273 498 ,⁴

152 518 288 572 itionem
313 525 442 593 accipit.
608 559 610 564 ,
1104 509 1140 564 t.
1156 509 1188 567 C.

128 611 307 680 CXXXV·
336 615 526 690 Helvetios,
548 617 726 702 Tulingos,
747 618 949 704 Lacobrigos
964 619 1005 682 ad
1019 641 1076 683 aua
1107 629 1268 686 summata.

79 695 210 754 reverti
229 693 333 775 juilit,
356 696 571 784 pristinasque
591 699 688 762 aedes
708 699 902 762 instaurare:
923 701 1075 764 Allobro·
1087 701 1177 771 7¹³⁸·
1191 701 1224 782 ξ’
1302 725 1306 738 ’

81 772 183 855 gibus
202 778 358 862 imperat,
390 795 424 842 ut
441 777 596 843 frumenti
613 783 740 866 copiam
759 782 813 845 his
828 782 965 856 faciant,
989 783 1076 867 quod
1090 768 1228 852 ''dmi“

80 854 169 950 nibil
193 858 350 924 haberent
373 861 478 936 domi,
502 863 703 948 quo'famem
719 866 909 927 tolerarent.
939 837 1261 928 Nolebat*³⁸'⁶⁸'⁰”'

78 949 172 998 emm
189 942 413 1006 Helvetiorum
431 963 553 1018 vacuos
573 943 654 1008 lines
673 967 689 1007 a
705 947 878 1009 Germania
902 949 1074 1030 occupari,

80 1039 171 1102 quos
194 1043 309 1106 graves
332 1027 512 1108 provinciis
530 1026 684 1090 llominis
707 1028 837 1090 futuros
860 1030 986 1090 accolas
1007 1049 1076 1090 me.

79 1102 205 1164 tuebar.
249 1107 366 1188 Bojos,
397 1109 637 1193 quorlegregia
657 1111 780 1172 virtute
796 1123 904 1180 cram,
935 1111 1076 1194 petenti·
1118 1169 1120 1174 .

80 1181 147 1244 bus
160 1187 282 1250 Aeduis
298 1191 399 1262 dedit,
421 1191 551 1274 quosin
569 1189 687 1254 linibus
703 1192 770 1252 suis
809 1191 983 1253 raesidium
998 1210 1076 1254 con·

76 1277 131 1324 tra
147 1269 326 1331 Germanos
344 1273 561 1334 collocarent:
584 1293 706 1369 eosque
725 1293 768 1356 po
794 1293 830 1334 ea
844 1272 951 1335 Aedui
968 1273 1001 1334 in
1020 1296 1076 1358 pa-

77 1365 153 1410 rem
172 1349 253 1428 juris
272 1368 368 1436 atque
386 1355 546 1416 libertatis
565 1355 805 1426 cordatiorem,
834 1376 896 1439 qua
914 1356 977 1438 ipsi
1000 1377 1075 1437 age.

76 1445 176 1501 rent,
206 1449 413 1518 receperunt.
453 1439 487 1498 ln
508 1435 617 1498 castris
632 1436 858 1510 Helvetiorum
880 1437 1075 1500 tabulas-ra-

76 1527 194 1654 pertus
212 1517 293 1588 elle,
316 1518 452 1579 Graccis
467 1518 574 1579 literis
590 1516 777 1589 confectas,
800 1521 918 1580 Caesar
930 1517 1074 1594 tradidit,

106 1595 272 1658 arumdem
296 1619 405 1663 rerum
429 1613 543 1662 auctor
569 1598 654 1662 idem
681 1599 888 1684 scriptorque
911 1599 1075 1685 incompa-

77 1677 219 1749 rabilis,
251 1681 368 1764 quibus
391 1683 474 1744 ratio
496 1682 721 1744 contineretur
742 1701 899 1764 generum
918 1682 1075 1780 capitum·
1122 1699 1133 1716 “

76 1779 147 1901 que
168 1762 396 1824 Helvetiorum
424 1777 458 1826 et
483 1763 665 1838 sociorum,
695 1785 776 1846 quae
804 1763 901 1824 domo
929 1763 1073 1826 exissent.

107 1863 212 1906 ummo
228 1858 296 1908 eret
309 1845 534 1920 Helvetiouam
544 1845 652 1908 ‚millia
668 1843 804 1908 ducenta
819 1845 984 1929 sexaginta
996 1845 1056 1926 tria
1066 1865 1088 1908 r

76 1923 296 2006 Tulingorum
308 1927 409 1988 millia
422 1927 555 2010 triginta
568 1947 640 1988 sex:
655 1926 911 2010 Lacobrigorum
923 1942 1076 2011 quatuor·
1106 1987 1111 1998 ,
1163 1963 1165 1968 -

76 2005 209 2070 decim:
240 2011 460 2072 llautaoorum
482 2009 545 2070 tria
564 2021 597 2070 et
616 2008 753 2091 viginti:
781 2011 937 2087 Boiorum
957 2007 1021 2070 duo
1042 2022 1076 2072 et
1102 2007 1104 2016 '
1138 2021 1144 2033 '
1192 2052 1200 2064 ·

74 2089 233 2172 triginta:
265 2090 400 2164 borum,
429 2090 485 2174 qui
507 2111 592 2152 arma
615 2089 707 2152 serre
732 2089 876 2173 pollent,
906 2088 945 2152 ad
974 2087 1075 2152 millia

75 2170 147 2231 cluo
174 2185 206 2234 et
232 2173 416 2254 nonaginta.
454 2191 494 2232 ex
512 2171 599 2234 omni
617 2171 680 2234 boc
700 2192 836 2234 numero
858 2185 980 2234 tantum
998 2191 1075 2234 cen·

74 2267 148 2316 tum
169 2268 202 2316 ct
217 2253 330 2330 decem
349 2255 448 2316 millia
469 2253 597 2319 domum
616 2254 797 2316 redierunt.

144 2375 317 2439 cttxxw.
342 2375 418 2438 Hoc
440 2377 579 2460 primum
601 2369 748 2439 Caesaris
770 2375 803 2436 in
823 2373 927 2438 Gallia
953 2374 1075 2437 bellum

75 2459 164 2528 fuit,
194 2457 279 2521 unde
301 2479 374 2518 mox
393 2459 454 2519 alia
477 2459 604 2541 aliaque
624 2457 900 2540 secuta,.quibus‘
929 2457 985 2520 ille
1013 2479 1076 2541 per

74 2553 312 2603 anuosnorem
326 2553 424 2602 totam
436 2537 631 2622 arbllhenum
641 2559 860 2622 oceanumque
895 2538 1075 2616 crdomultt
1098 2547 1101 2554 '
1165 2605 1174 2618 ,

74 2623 179 2685 etiam
206 2625 306 2684 semel
329 2625 531 2718 iterumque,
554 2622 690 2702 trajecto
709 2618 842 2691 llheno,
870 2559 1077 2682 germaniam

72 2705 250 2789 ingrcll'us.
288 2706 374 2765 Haec
392 2723 496 2765 omma
515 2723 582 2799 quo
597 2701 726 2764 facilius
744 2701 925 2784 meliusque
939 2721 1076 2764 noscan-

73 2801 152 2858 tur,
173 2787 342 2882 regionum
364 2786 490 2846 illarum
509 2796 609 2855 satus,
633 2782 799 2868 atquibus
818 2782 930 2844 subeo
948 2793 1093 2866 tempo-¹

74 2891 115 2930 ra
134 2868 290 2954 gentibus
310 2867 503 2938 inhabitatae
521 2865 656 2939 suerint,
678 2865 820 2949 pretium
838 2861 882 2928 cll
895 2879 1074 2952 exponere.

143 2991 330 3054 cxxxvn.
354 2989 488 3054 Galliam
500 2989 636 3052 Romani
652 2977 816 3074 duplicem
831 2987 1009 3072 antiquitus
1025 2985 1078 3054 le·
1109 2998 1261 3056 Galliarum

75 3087 216 3142 cerunt,
239 3073 376 3158 Alpibus
394 3071 561 3134 discretas.
592 3070 734 3143 Harum,
757 3089 839 3154 quae
859 3069 897 3132 ab
916 3073 1016 3134 Roma
1034 3063 1078 3137 est
1091 3069 1176 3127 ritus.
1325 3066 1327 3075 ’

74 3155 259 3228 remotior,
297 3176 333 3216 ea
360 3155 421 3218 hoc
447 3153 603 3216 ¹uocabulo
628 3151 794 3234 hodieque
818 3163 983 3214 censetur.
1027 3152 1078 3226 at,

75 3257 176 3324 quam
195 3235 243 3296 illi
258 3235 388 3320 Togatam
404 3239 573 3307 vocarunt,
593 3255 661 3296 eam
679 3233 840 3322 posterior
858 3245 946 3296 aetas
964 3231 1003 3298 ab
1018 3225 1079 3296 no'-
1226 3307 1233 3317 ι

74 3321 131 3382 vis
157 3317 275 3394 incolis
301 3317 480 3392 nominavit
500 3315 731 3398 tongotardtam:
761 3312 848 3380 nune
870 3315 981 3376 ltaliae
1002 3321 1078 3403 pars
1225 3322 1238 3402 J

74 3399 136 3465 eli.
171 3399 292 3462 Veram
312 3399 448 3463 Galliam
468 3395 941 3468 retusaetasinBraocatam,
965 3395 1078 3460 Coma·
1189 3395 1191 3401 ’

75 3499 212 3566 tamque
230 3481 354 3544 divisit.
398 3485 570 3552 Braccata,
599 3499 681 3564 quae
700 3494 733 3548 et
748 3475 990 3561 Narbonensis,
1021 3497 1078 3541 re·

73 3581 134 3629 tua
161 3563 273 3660 populi
291 3563 434 3628 Romani
453 3561 623 3648 provincia
648 3559 743 3633 fuis*
767 3559 929 3623 Comatam
958 3557 1078 3622 Caeiar
1106 3621 1110 3642 ⁸

71 3647 247 3734 triplicem
264 3645 363 3720 lecit,
385 3645 506 3727 Relgaa
526 3641 674 3707 uRheno
693 3643 732 3708 etl
748 3643 947 3726 Sequanam,
967 3641 1076 3704 Celtas
1159 3665 1173 3682 ¹

71 3732 170 3794 iuter
185 3727 366 3812 Sequanam
381 3741 415 3791 et
430 3727 621 3790 Garumnam
630 3745 641 3803 3
662 3725 821 3808 reliquam
839 3737 975 3811 partem,
993 3741 1076 3808 quae

72 3813 265 3884 Garumna,
293 3809 552 3894 Pyrenaeisque,
582 3819 616 3880 et
637 3824 761 3868 oceano
780 3804 959 3898 clautlitur,
982 3805 1075 3868 attri-

112 3971 190 4043 Gap.
208 3969 349 4024 cxxxv.
368 3965 488 4032 Strabo,
503 3965 525 4021 l.
538 3969 566 4034 4.
576 3981 614 4092 p.
631 3965 690 4036 193.
710 3963 794 4027 caes.
830 3961 1070 4094 capcxxxtsl,
1247 3991 1253 4000 .

70 4039 353 4176 {qqltpnafipieusqo
370 4040 414 4182 ab·
432 4037 560 4109 Eutrop.
591 4037 641 4093 ..6
677 4033 751 4164 (lap.
767 4032 870 4161 01.le
899 4031 937 4090 11.
961 4029 1071 4177 seqlpp,
1104 4163 1107 4170 Ι
1156 4065 1158 4070 .
