2734 4688
85 251 609 318 eeemsueoeruunxvs
625 205 1000 322 innocentum.
1016 253 1082 335 ts,

20 527 25 534 ,
88 464 155 527 elle
180 477 350 549 putarent,
384 462 426 524 asi
449 461 587 528 subitam
607 459 851 527 dimicationem
872 475 946 530 sunt
966 465 1081 532 coacti.
1113 459 1148 522 ὓ·

85 547 225 644 Magnus
253 559 286 610 et
312 543 481 640 multiplex
506 544 537 606 is
561 557 672 608 terror
693 543 776 619 init,
803 559 837 608 et
855 541 920 608 ullu
933 548 1083 694 Pompepi
1109 531 1149 592 3·

87 627 444 712 de·1nduilriaauctos.
485 626 631 688 Primum
648 627 737 690 enim
756 647 869 691 omues
885 627 982 692 simul
997 631 1054 710 tub
1069 670 1085 688 .
1135 641 1142 695 .“
1214 703 1226 714 ⁴,

86 711 180 774 eines
204 711 365 776 clullicum
388 727 506 773 cauere
527 707 617 791 julli:
644 727 719 772 eum
738 709 925 795 clangorem
944 713 1085 780 militum
1135 698 1141 724 ⁸
1250 769 1257 793 ,

85 791 291 878 lixarumque
320 792 501 856 acerrimus
529 792 652 854 clamor
676 791 824 877 excepit,
861 792 946 860 nulls
1076 798 1078 807 '

87 875 217 938 sonitus
237 875 278 938 sd
299 875 426 1018 clipeos
444 871 622 945 sllilaritm,
652 889 686 938 et
705 895 801 960 quem
822 812 1085 954 inermis‘w

88 959 175 1018 saxis
195 977 290 1020 nerea
309 977 346 1020 nn
363 979 380 1022 e
397 955 544 1042 pollens,
565 953 649 1018 baud
668 957 776 1019 miuus
792 958 977 1022 terribilem
995 961 1085 1023 suri·

87 1040 150 1102 bus
174 1039 297 1102 ciebat:
327 1059 431 1126 eaque
451 1037 558 1102 omnia
576 1039 734 1104 montium
752 1041 941 1124 repercullb
958 1043 1082 1106 inume-

86 1123 140 1203 jns
163 1121 375 1208 augebuntur.

147 1229 203 1291 111.
232 1229 306 1292 Hoc
327 1228 502 1314 repentino
524 1226 662 1290 tumultu
679 1227 916 1314 propemodum
935 1222 1080 1316 debens}

83 1324 139 1373 tos
156 1307 261 1373 bolies
280 1311 368 1373 omni
388 1329 429 1374 ex
446 1323 539 1396 parte
551 1312 866 1384 Romanusinvasit,
888 1311 1014 1398 lapidee
1029 1333 1079 1376 ea·
1091 1347 1256 1401 „hm”

84 1391 1216 1556 tilltllttltl‘tqltlltll‘lllltltl'*{illl‘tetre

82 1556 223 1619 Barbari
239 1518 346 1640 longo,
358 1569 391 1620 et
408 1557 509 1620 mixto
526 1553 669 1640 agmine,
693 1553 781 1640 quosl
799 1555 839 1616 ad
858 1517 934 1634 ite’r,
957 1577 1024 1622 nou
1041 1559 1082 1624 asi
1211 1519 1221 1544 ⁸

84 1639 267 1722 proelium,
290 1653 383 1703 erant
398 1639 534 1724 egrelli,
556 1649 666 1726 mupuo
685 1657 721 1700 se
741 1637 970 1724 impediebant,
994 1641 1081 1705 iuter

84 1717 244 1803 angustias
273 1720 421 1784 locorum
449 1720 562 1806 equis,
594 1719 811 1804 cemelisqne,
842 1720 1104 1800 et'vebiculis,“

133 1821 170 1863 ae
189 1801 344 1866 mulieres
363 1803 553 1888 portabant,
583 1815 723 1863 armatos
739 1802 954 1869 turbantibus.
996 1805 1083 1888 Con.

84 1823 153 1945 irim
178 1883 221 1948 tie
249 1882 368 1948 deinde
391 1883 580 1958 millilibue,
611 1881 758 1944 cominus
778 1886 965 1969 congrelllss
985 1885 1082 1951 miles

84 1986 143 2028 cae
168 1966 242 2030 ebat
261 1965 405 2052 primos,
434 1963 585 2029 turbabat
610 1976 803 2050 sequentes:
835 1979 869 2030 ct
890 1967 956 2029 cito
979 1963 1078 2032 fiebat

81 2049 176 2112 ferro
202 2049 277 2122 via,
312 2047 400 2133 qnod
419 2045 570 2112 inermes
598 2045 750 2132 plerique
774 2047 988 2112 Ponticorum
1010 2069 1078 2114 uno

81 2131 222 2195 vnlnere
242 2127 475 2194 sternebantur.
914 2137 918 2145 '
1085 2160 1096 2178 ··
1140 2150 1144 2159 ·

145 2239 203 2304 tv.
233 2241 322 2300 luter
350 2237 430 2300 baec
457 2230 599 2305 emtam
625 2237 715 2302 forte
740 2237 881 2302 nubibus
905 2220 1076 2320 Lnuu're·
1101 2262 1274 2324 mm,

83 2319 209 2383 creavit
234 2319 408 2396 barbaros,
439 2333 496 2393 ut,
527 2319 555 2380 si
576 2317 660 2380 nibil
679 2318 784 2396 aliutl,
812 2318 940 2385 visuros
958 2321 1186 2392 ‘saltemstrslm

80 2399 205 2464 bostem
226 2415 410 2486 sperarent,
433 2415 467 2464 et
483 2401 612 2463 minore
630 2415 832 2488 pugnaturos
848 2405 1008 2486 periculo,
1032 2405 1075 2483 ai,
1206 2440 1211 2451 ·

82 2484 179 2566 quale
198 2483 297 2558 illud,
328 2498 363 2548 et
387 2483 473 2548 uude
496 2483 633 2546 maxime
656 2483 834 2547 timendum
856 2486 952 2573 iffeit
976 2507 1077 2573 ugno-

80 2565 212 2628 vill'ent.
255 2565 322 2628 Sed
349 2567 460 2628 Lunae
486 2565 583 2628 etiam
605 2563 702 2626 fallax
729 2579 762 2628 et
791 2562 997 2654 perniciosni
1025 2570 1077 2634 eis

82 2647 240 2730 splendor
257 2647 337 2719 fuit,
369 2667 467 2732 quum
492 2645 650 2708 adversos
673 2645 819 2730 ipsorum
842 2645 1089 2734 perstringeret*

83 2729 209 2802 oculos,
233 2729 440 2814 conspicuum
465 2748 505 2791 ue
524 2725 605 2792 bossi
623 2747 737 2814 agmen
754 2725 912 2795 efficeret.
944 2732 1075 2796 Summa

79 2823 190 2872 tamen
205 2831 309 2875 norae
325 2811 358 2872 in
378 2831 419 2872 eo
437 2751 518 2884 iiis,
541 2809 629 2896 quod
645 2809 767 2888 umbra,
813 2832 872 2874 uae
886 2833 903 2872 a
917 2813 1073 2880 Romanis

80 2893 278 2976 corporibus
301 2893 517 2990 perlongum
540 2893 744 2956 intervallum
768 2833 812 2956 ui
833 2913 910 2955 suos
936 2893 1073 2958 ordinet

80 2975 306 3072 pertingebat,
330 2973 471 3060 decepti,
492 2989 649 3058 tamquam
669 2975 702 3035 in
717 2976 936 3062 propinquum
950 2971 1073 3040 hostem

79 3057 144 3118 tela
161 3056 326 3120 miserunt.
369 3057 418 3118 Eo
433 3057 570 3118 Romani
588 3055 823 3132 animadverso,
845 3075 917 3118 cum
929 3057 1072 3122 clamore

81 3137 241 3222 suggrcssi
265 3153 361 3212 aunt,
391 3137 613 3222 Ponticosque
637 3151 686 3201 tot
709 3141 801 3202 malis
829 3140 1071 3204 circumventos

78 3219 287 3304 pepulerunt.
316 3219 368 3283 Ad
387 3219 488 3281 millia
506 3219 619 3283 (lucem
638 3240 677 3283 eo
695 3223 825 3305 proelio
841 3219 991 3284 cecidille
1005 3235 1071 3286 tru-

79 3303 220 3375 duntur,
249 3321 291 3364 ne
317 3323 356 3364 ue
376 3301 548 3388 pauciores
569 3301 634 3364 elle
655 3303 751 3386 capti.
793 3303 931 3366 Romani
949 3300 1072 3366 milites

79 3385 198 3469 viginti
215 3324 428 3448 cumiuobus
443 3383 688 3446 centurionibus
705 3385 873 3449 interlecti
887 3397 979 3464 sunt3
999 3385 1071 3448 vul-

76 3467 186 3529 nerati
204 3467 304 3530 mille.
348 3468 446 3540 Sunt,
470 3465 526 3563 qui
545 3463 711 3549 regiorum
731 3482 821 3552 capta
840 3487 998 3552 caesaque
1016 3487 1070 3528 re.
1151 3467 1158 3486 '
1198 3539 1202 3548 Ι

76 3547 187 3612 lerant
211 3547 419 3634 quadraginta
444 3547 562 3610 millia:
593 3559 672 3632 quot
696 3548 750 3612 rix
778 3549 951 3612 existimem
974 3549 1008 3609 in
1027 3567 1068 3612 eo
1095 3574 1100 3584 ·

74 3629 276 3696 Mithridatis
305 3630 450 3693 exercitu
477 3629 588 3694 tuille:
616 3631 810 3713 pracsertim
830 3651 927 3716 quum
949 3631 1069 3694 multos

74 3714 176 3858 etiarsn
187 3713 342 3812 'eflugille
362 3713 405 3777 sit
422 3711 606 3796 proditum,
636 3711 826 3798 intorques
847 3727 880 3776 ct
896 3711 1067 3778 Mithrida-

75 3811 128 3860 tes
163 3811 221 3858 uit.

87 4011 184 4134 ὀαξ.
197 4007 254 4062 lll.
272 4008 336 4064 le.
351 4009 431 4082 Epit.
454 4007 591 4066 Frontis.
606 4025 633 4075 s,
651 4027 677 4070 s.
696 4005 771 4089 llio.
806 4005 880 4078 cap.
896 4009 950 4090 lis.
972 4008 1066 4090 Fron·
1085 3979 1092 3988 Ι

72 4078 445 4223 ἓῧίτοὲῗτόἒῶῗ.υἰίὲῖοι.
463 4082 498 4148 o,
512 4083 540 4148 4.
563 4077 643 4134 Plut.
666 4079 737 4132 llio.
755 4075 831 4132 Plut.
851 4077 977 4152 Apprau.
993 4079 1085 4192 Duo..
