2702 4694
243 321 288 386 ΙΝ
305 319 456 386 noctttu
477 317 559 385 Lm.
583 317 666 390 cvt.
687 311 803 393 tatvtt.
971 321 1029 390 ott

21 526 208 592 serendam
225 531 422 616 profectum.
466 532 529 594 Ubi
549 532 582 592 in
602 551 812 619 conspectum
833 535 1032 618 agminave·
1064 534 1135 592 ibt.
1180 551 1212 601 o.-

22 627 170 685 nerunt,
192 613 321 697 quidam
335 615 540 686 Parthorum,
564 614 646 678 hassa
658 615 809 680 suffixum
821 631 916 700 eaput
928 613 1032 679 osten·
1061 605 1098 662 Ᾰ·
1110 603 1146 660 ⁰·
1172 603 1202 661 ὓ·

24 705 162 766 tentes,
179 695 415 778 'obequitabant
429 696 592 772 Romanis,
616 700 915 781 quaeritabantque,
936 695 1034 778 quibat

26 776 179 836 atatalibts
198 779 245 854 iste
256 779 371 855 juvetais
390 799 470 838 ortas
487 777 573 858 effit?
605 799 658 840 aaa
678 781 938 864 reinfundat,
968 797 1032 836 tan-

27 877 96 916 tam
118 857 236 918 indolem
257 858 289 916 ab
307 855 473 940 ignaaiffimo
488 851 737 940 toantnam'CraJso
750 866 892 943 procreari
907 857 1032 942 potutffe.

28 938 75 1000 td
92 941 314 1022 spectaculum
332 940 608 1003 vehementiss'tme
626 945 789 1025 permovit
806 939 946 1014 milites,
967 961 1033 1002 non

29 1033 76 1082 ut
105 1021 364 1084 accenderentur
386 1023 419 1086 in
444 1023 620 1094 ultionem,
651 1025 709 1086 sed
730 1039 765 1085 ut
783 1025 878 1108 plane
897 1039 1035 1107 torpore

32 1117 75 1164 et
93 1102 325 1185 desperatione
341 1103 552 1167 demitterent
568 1105 705 1168 animos.
733 1109 775 1166 At
787 1105 925 1177 Cealius,
943 1125 1035 1166 num-

33 1205 139 1268 quam
159 1187 277 1248 elarius
296 1183 419 1250 ostensa
437 1187 535 1248 animi
555 1207 602 1246 ma
629 1187 787 1260 nundine,
802 1188 886 1269 strum
902 1188 972 1248 batte
985 1189 1037 1247 do·

32 1267 148 1342 larem,
166 1268 244 1350 fitam
257 1269 361 1328 cladem
377 1267 437 1348 effe,
459 1207 719 1331 vociferabaturt
741 1269 840 1350 papula
857 1269 965 1348 quidem
978 1269 1037 1329 Ro-

37 1369 142 1424 matta,
159 1349 247 1434 fhlat‘s
262 1350 430 1433 legionibus,
460 1349 596 1411 nihildum
617 1349 736 1432 accidaffe
756 1349 938 1432 calamitosam
956 1353 1039 1410 attint

40 1431 145 1492 militis
157 1433 304 1512 jactare·
333 1433 510 1514 Resuntarent
528 1432 605 1492 mado
623 1432 765 1512 pristinam
780 1431 969 1505 alacritatem,
992 1451 1038 1504 et,

38 1514 121 1594 quod
130 1514 210 1596 strepa
225 1515 306 1574 duris
323 1513 488 1594 temporibus
504 1518 593 1593 copiae
605 1511 885 1596 Romameftctffent,
908 1512 1041 1574 dubitan-

39 1613 103 1656 tem
118 1599 268 1658 tartunam
287 1597 323 1656 ad
334 1595 401 1678 suas
419 1613 512 1676 partas
529 1601 636 1662 virtute
654 1615 789 1680 cogerent.
841 1670 844 1684 ‚

109 1729 239 1794 XLVII.
263 1727 328 1792 Sed
347 1725 472 1806 jacebat
495 1727 600 1790 onmis
619 1728 757 1792 militum
777 1727 891 1813 nigor,
913 1723 1040 1790 moesti·
1070 1735 1239 1810 Pugnatum

42 1831 114 1896 que
135 1825 167 1874 et
185 1811 275 1874 taciti
293 1807 470 1872 adstabant:
507 1830 599 1882 mox,
632 1809 733 1876 edere
755 1813 929 1874 clamorem
950 1809 1040 1890 jum,
1055 1808 1180 1864 Parthia·

42 1909 181 1956 tenuem
200 1908 232 1955 et
248 1893 450 1978 inaequalem
468 1891 677 1978 sustulerunt,
701 1916 797 1976 quum
815 1893 977 1956 aParthis
992 1892 1042 1954 ina
1064 1949 1068 1956 .

44 1997 133 2062 gens
156 1989 189 2038 et
208 1975 386 2038 animorum
407 1975 523 2058 plenus
543 1973 748 2036 redderetur.
792 1980 860 2037 Nee
887 1976 948 2036 alia
972 1973 1043 2034 for·
1115 1971 1118 1981 '

45 2073 129 2121 tune
143 2077 271 2141 pugnae
284 2057 443 2142 utrisque,
468 2077 560 2142 quam
575 2057 689 2117 animis
702 2071 949 2140 praeceperant,
970 2054 1044 2116 tuta.

46 2143 217 2202 Romanos
238 2133 384 2221 ambigua
403 2158 476 2200 sors
494 2137 573 2215 lethi
592 2139 754 2212 terrebat,
779 2139 866 2222 quod
887 2135 1046 2200 servanti-

49 2223 117 2284 bus
138 2221 271 2284 ordines
290 2219 413 2282 molesti
432 2242 526 2284 arcus
543 2218 736 2280 Parthorum
758 2233 867 2297 erant3
900 2217 1048 2302 eruptio-

51 2324 131 2366 nem
156 2317 315 2368 tentantes
338 2302 444 2384 contis
463 2299 643 2385 figebantur
665 2301 746 2364 adeo
768 2299 902 2375 validis,
938 2315 973 2362 ut
997 2300 1048 2360 in·

53 2385 186 2448 tardum
214 2386 296 2449 duos
323 2385 417 2450 simul
443 2385 532 2449 viros
560 2382 647 2446 idem
676 2383 816 2471 impetus
840 2381 1049 2448 transverbe-

55 2481 159 2533 raret.
334 2481 339 2510 ¹

119 2601 262 2665 xavttt.
294 2602 532 2678 Laborantibus
562 2602 707 2686 undique
733 2599 909 2672 Romanis,
945 2599 1051 2660 nonus
1073 2613 1118 2672 Aa
1138 2611 1248 2678 aresta.

53 2697 196 2767 repente
215 2682 313 2746 hostis
334 2699 485 2758 exortus,
516 2707 613 2782 quum
630 2685 714 2748 haud
730 2704 843 2768 parum
863 2628 1240 2772 detrimentisitiattttt.

54 2765 163 2838 daret,
187 2766 371 2850 plusetiam
389 2767 651 2830 dolorismtulit.
682 2772 761 2829 Nam
779 2785 850 2827 eum
868 2761 1052 2826 Osrhoiims
1098 2785 1103 2796 ·

53 2847 228 2930 Abgarus,
260 2870 356 2931 quem
379 2848 442 2910 sihi
463 2850 601 2910 amicum
623 2847 771 2914 arbitrati
789 2847 937 2916 fuerant,
960 2857 1053 2925 terga

55 2928 219 2992 adversus
237 2931 376 2992 Parthos
397 2932 606 3016 pugnantium
628 2929 792 2992 caedebat.
839 2925 932 2989 Unde
957 2925 1054 3008 plena

57 3011 170 3074 omnia
187 3011 453 3074 consternationis
470 3027 502 3074 et
514 3015 684 3076 tumultus:
707 3025 752 3086 et,
774 3010 848 3095 quia
865 3027 963 3090 saepe
977 3024 1056 3068 oon·
1141 3077 1142 3080 Ἴ

57 3093 275 3155 vertebantur
295 3093 449 3166 ordines,
478 3109 512 3156 ut
533 3095 574 3155 ati
599 3117 638 3156 ua
659 3115 698 3162 ex
719 3107 810 3178 parte
829 3093 951 3153 elamor
970 3087 1057 3150 acei-

58 3175 174 3248 derat‚
207 3175 299 3237 multi
324 3196 361 3238 se
376 3175 561 3238 'induebant
582 3199 616 3238 ιιι
636 3175 892 3239 commilitonum
911 3167 1057 3256 gladios:

87 3257 279 3328 ramerum,
311 3259 387 3342 quia
406 3258 439 3317 vi
457 3255 611 3334 bostium,
644 3273 677 3321 et
699 3257 821 3319 vitandi
844 3255 976 3337 sagittas
996 3249 1059 3314 au-

58 3281 138 3412 gio,
169 3339 274 3402 eoacti
294 3339 329 3400 in
347 3352 469 3401 aretum
490 3354 592 3401 erant.
636 3340 861 3402 Suiiinuerunt
884 3351 991 3399 tamen
1018 3332 1060 3394 ed

55 3435 194 3486 noctem
209 3442 334 3504 usque3
356 3422 736 3506 quaeppropinquante,
758 3420 872 3483 Parthi
891 3413 1058 3480 caedendo

58 3503 139 3570 feffi
158 3525 195 3566 se
211 3515 291 3566 'reue
316 3517 423 3576 eruut,
444 3509 474 3564 id
493 3505 560 3564 dare
574 3503 718 3586 sectatffo
736 3519 842 3583 tempas
860 3500 1059 3581 adlegandum

53 3585 120 3668 filii
137 3607 268 3657 nortem,
290 3527 494 3657 dictitantes,
516 3583 570 3666 east
581 3585 711 3665 poſtridie
723 3584 806 3665 ‚stqae
823 3601 850 3643 et
866 3587 1015 3646 amcitiam
1028 3581 1059 3636 itt

52 3663 148 3750 fidem
160 3666 270 3748 Arfiaca'a
286 3669 409 3727 dederet.
442 3667 587 3729 Patrium
604 3667 640 3728 id
650 3667 780 3730 Parthis
795 3665 873 3736 suit,
895 3677 931 3726 ut
944 3675 1059 3724 noete·

58 3750 183 3836 prooul
200 3749 239 3810 ah
257 3747 400 3811 hostibus
421 3764 572 3834 egerente
601 3751 658 3834 qui
680 3769 788 3846 neque
810 3745 908 3810 oassra
931 3744 1059 3842 munire

58 3845 323 3906 consueverant,
346 3845 379 3893 et
394 3834 483 3896 inter
498 3832 650 3895 tenebras
668 3845 813 3919 equitum
828 3845 862 3894 et
875 3830 1061 3914 sagittario-

58 3934 139 3979 rum
158 3915 266 4002 nuilus
283 3915 520 3999 propemodum
535 3937 617 3980 usus
637 3914 692 3980 est.

63 4067 407 4092 —-·-—-···········

57 4119 448 4283 „ssfflfflpssffit
458 4166 499 4203 ιι.
520 4149 607 4207 oras.
622 4151 649 4220 t,
666 4149 708 4210 aa.
726 4141 802 4206 aaut
841 4141 913 4222 cap.
928 4137 1062 4201 xnvm.
1099 4177 1110 4232 4
