2734 4688
702 25 705 36 ’
719 43 730 76 s

262 201 362 320 Ιιεο
415 237 617 306 eneruem
635 233 1056 304 sorrnnnnuaonou
1070 236 1278 306 nmnxrv.
1336 259 1342 266 ·

986 407 995 413 ·
1057 397 1063 420 Ι

66 489 75 500 ,
141 449 289 508 omues
363 451 419 518 Vl.
447 453 527 512 Nam
548 467 614 509 non
635 445 814 532 longinqua
830 446 946 520 modo,
977 445 1037 510 sed
1060 449 1157 514 etiarn
1178 452 1305 524 ltaliae,

140 523 181 606 A:
195 523 291 604 02⁶7·
305 535 408 597 intuta
430 552 486 593 ora
506 545 595 592 erat:
623 543 657 592 et
678 549 795 612 saepe,
821 531 1038 594 exscensione
1058 533 1163 606 lacta,
1192 535 1305 595 milita·

132 591 361 680 Elfflstres
384 617 456 679 viae
478 614 660 676 latrociniis
684 609 933 684 infestabantur,
962 613 1153 698 adsitaeque
1173 613 1305 676 divitum

113 664 272 784 mmmf
302 701 401 760 villae
426 696 607 780 direptioni
635 693 837 778 et'pracdae
866 709 974 757 erunt.
1021 701 1218 783 Tantusque
1250 698 1304 776 jam

303 795 373 844 erat
388 793 505 850 metus,
528 792 564 840 ut
581 777 679 840 ctiam
697 775 862 840 exercitus
871 779 1010 840 Romani
1023 780 1208 843 Brundisio
1220 801 1304 841 num·

303 884 416 948 quam,
438 862 643 924 nisiuumma
660 859 787 932 bieme,
809 861 1091 939 transmitterent3
1122 864 1229 946 legati
1251 883 1306 946 po·

275 942 281 984 ἶ
301 946 371 1030 puli
383 944 521 1006 Romani
535 943 674 1040 pecunia
690 942 952 1021 redimerentur3
975 943 1151 1006 duodecim
1164 965 1304 1018 secures,

302 1047 377 1089 cum
402 1025 609 1111 praetoribus
637 1025 774 1088 Sextilio
799 1037 832 1086 et
850 1025 1022 1098 Bellieno,
1052 1025 1085 1088 in
1130 1027 1305 1089 raedonum

301 1107 492 1194 potestatem
536 1107 743 1184 ervenirent3
776 1121 892 1190 portus
915 1108 1044 1188 Caietae
1067 1049 1303 1171 celeberrimus

303 1191 400 1275 atque
419 1131 619 1274 plenilimus
640 1190 785 1262 navium,
809 1177 1205 1274 inspectante‘praetoru
1228 1188 1301 1252 diri-

195 1303 197 1308 ·
302 1289 458 1358 perctur3
488 1271 528 1334 ad
546 1271 666 1335 Ostiam
689 1271 793 1334 olallis
814 1283 869 1344 ea,
900 1273 953 1334 cui
977 1273 1093 1334 consul
1112 1273 1300 1358 populillo·

302 1357 390 1416 mani
408 1357 617 1440 praepositae
639 1355 733 1424 effer,
759 1351 1019 1438 opprimeretur;
1050 1376 1092 1417 ex
1104 1355 1238 1418 Miseno
1251 1355 1301 1417 ab·

303 1439 471 1522 riperetur
487 1444 531 1498 M.
550 1437 684 1498 Antonii
702 1435 785 1509 filia,
814 1436 884 1516 ejus
904 1436 1026 1520 ipsius,
1050 1435 1108 1522 qui
1126 1457 1202 1500 cum
1217 1459 1301 1522 prae·

304 1519 444 1581 donibus
469 1534 562 1580 antea
587 1518 710 1578 bellum
735 1517 891 1599 gesserat,
924 1540 980 1580 rus
1003 1519 1092 1582 forte
1109 1540 1178 1598 ¹exa
1205 1522 1301 1584 atleta.

75 1655 78 1662 .
134 1606 291 1662 Eorundem
303 1605 347 1664 Et
371 1599 542 1666 acerbiora
568 1600 662 1661 malis
687 1599 830 1661 ludibria
857 1611 959 1662 erant.
1015 1601 1133 1686 uippe,
1159 1543 1217 1664 uli
1238 1604 1305 1688 quis

114 1679 242 1732 tnattrn
263 1679 292 1730 ’Ἃ
305 1697 461 1766 exceptus
473 1686 652 1745 Romanum
673 1701 708 1742 se
727 1681 833 1748 civem
848 1683 912 1744 elle
929 1679 1006 1746 testa
1031 1701 1113 1757 atur,
1137 1684 1305 1747 {emorie-

115 1749 183 1799 ’Μ’
198 1747 291 1802 ΚΜ·
305 1766 452 1839 ciebant,
474 1778 635 1848 tamquam
651 1763 772 1828 timore
786 1765 917 1848 perciti,
941 1767 1079 1850 genibus
1106 1787 1149 1828 ue
1168 1769 1240 1848 ejus
1257 1787 1306 1830 ae·

117 1833 175 1872 ”⁰⁸⁶
279 1848 455 1929 ,uidentes
483 1849 618 1909 orabant
647 1848 755 1908 errori
781 1848 918 1908 veniam.
963 1867 1036 1909 mox
1062 1788 1221 1923 aierent,
1254 1849 1305 1935 qni
1348 1857 1349 1860 ’

305 1932 434 1993 calceos
453 1929 649 1994 inducerent
667 1927 810 1999 bomini,
841 1944 1014 2018 togamque
1034 1927 1170 2004 darent,
1201 1953 1244 1994 ne
1261 1933 1306 1994 vi-

309 2013 430 2076 delicet
446 2014 578 2097 ignotus
598 2012 682 2072 ultra
701 2009 782 2072 civis
798 2015 960 2074 Romanus
978 2013 1067 2074 ellet.
1098 2014 1163 2075 Ubi
1181 2014 1306 2076 tandem

307 2095 525 2158 ludibriorum
543 2094 750 2169 cossatietas
766 2095 873 2178 cepit,
904 2095 999 2156 scalis
1020 2097 1059 2156 ab
1083 2117 1141 2158 ora
1164 2097 1256 2158 nevis
1277 2097 1307 2156 in

309 2199 397 2240 mare
420 2175 574 2248 dimillie,
603 2175 695 2238 abire
713 2174 866 2255 jubebant
884 2177 1095 2240 incolumem:
1125 2193 1307 2254 cunctatum

308 2275 341 2322 ct
356 2257 557 2322 resistentem
576 2257 844 2346 praecipitabant.

375 2380 445 2448 Vn.
475 2381 528 2445 Ob
545 2379 626 2446 haec
643 2377 791 2468 pericula
808 2379 955 2466 quotidie
972 2403 1027 2446 res
1044 2377 1259 2447 frumentaria
1275 2381 1306 2445 in

308 2463 391 2526 urbe
411 2461 510 2528 fiebat
527 2465 686 2538 deterior,
710 2479 742 2526 et
759 2464 876 2547 ingena
898 2481 967 2527 erat
984 2467 1018 2526 in
1035 2481 1122 2528 tanta
1139 2464 1305 2528 bominum

213 2555 216 2564 ⁴
307 2547 403 2608 turba
421 2546 515 2610 semia
534 2563 567 2610 et
582 2548 713 2632 inopiae
731 2559 847 2608 metus.
890 2553 958 2611 Nec
979 2563 1049 2610 erat
1066 2547 1166 2612 facile
1188 2551 1307 2612 bellum

306 2630 341 2689 in
358 2629 526 2704 homines,
558 2631 666 2693 subito
683 2629 807 2714 magnis
825 2629 1012 2714 navigantes
1033 2631 1205 2704 clastibus,
1234 2653 1307 2693 eos·

307 2713 465 2797 demque,
487 2711 546 2775 nbi
561 2712 751 2786 uoluillent,
773 2725 933 2796 tamquam
953 2725 1119 2774 momento
1138 2713 1308 2797 disparen-

306 2806 374 2867 tes,
399 2809 432 2856 et
450 2795 484 2856 in
502 2794 642 2858 latebras
661 2817 725 2857 non
744 2793 918 2858 inaccell'as
935 2793 1044 2868 modo,
1068 2795 1242 2860 sedetiam
1260 2799 1308 2858 in-

275 2928 279 2937 .
305 2877 455 2959 cognitas
476 2879 565 2952 aliis,
596 2877 753 2963 dilapsos.
795 2882 910 2962 Neque
929 2881 1065 2941 Murena
1087 2879 1193 2975 igitur
1214 2885 1308 2942 coe'r·

307 2977 385 3021 cere
402 2959 480 3022 licet
497 2961 604 3024 victos
622 2973 793 3045 potuerat3
814 2981 921 3044 ueque
934 2960 1049 3040 majori
1064 2961 1225 3044 deinceps
1237 2983 1307 3022 mo·
1348 3011 1349 3032 ,

306 3039 339 3103 le
357 3061 419 3126 per
437 3043 562 3127 aliquot
578 3043 752 3106 continuos
771 3061 873 3107 annua
894 3041 1086 3106 incumbens
1106 3043 1281 3106 Isauricus.

134 3177 295 3264 debentium
366 3173 451 3241 V111.
474 3171 577 3258 Igitur
595 3195 712 3262 magno
728 3175 837 3262 plebia
855 3173 1011 3263 applausu
1028 3173 1138 3262 legem
1148 3173 1307 3240 Gabinius
1348 3233 1349 3240 ,

117 3249 149 3302 ‘l‘
174 3257 295 3318 Wm‘l
305 3257 545 3342 promulgavit,
575 3265 618 3320 uti
638 3282 672 3320 ex
692 3267 765 3322 omiti
784 3261 966 3342 cnttsularium
985 3281 1099 3322 ttumero
1116 3281 1189 3320 uetus
1206 3257 1306 3342 delige·

37 3359 40 3366 ¹
119 3317 199 3372 Μ’·
305 3359 398 3415 retur,
420 3345 464 3401 cui
479 3343 623 3424 imperinm
637 3347 667 3402 in
684 3345 833 3404 triennium
850 3339 931 3423 effer:
953 3337 1075 3424 idemque
1092 3341 1208 3422 legatos,
1227 3361 1307 3420 qunt-

304 3439 371 3564 puot
392 3423 427 3482 ea‘e
446 3419 496 3502 usu
511 3421 579 3504 fore
596 3440 730 3503 putaret,
760 3425 929 3508 adscisceret.
972 3423 1050 3486 Idne
1072 3419 1227 3502 Pompeii
1251 3443 1304 3484 vo·
1348 3453 1349 3456 ¹

319 3513 428 3566 untate
447 3502 626 3580 Gabinius,
649 3524 689 3567 an
710 3507 814 3579 ultro,
843 3507 980 3580 lecerit,
1012 3519 1048 3568 ut
1066 3508 1148 3569 tanti
1166 3505 1234 3568 viri
1254 3528 1305 3566 au·
1348 3521 1349 3532 ¹

213 3632 217 3647 .
305 3597 480 3670 caperetur
501 3587 653 3732 gratiam,
685 3589 847 3652 incertum
872 3587 934 3652 est:
966 3587 1047 3651 illud
1074 3589 1305 3660 certill'rmum,

303 3685 369 3730 non
388 3669 452 3731 effe
466 3668 499 3731 in
524 3681 634 3733 uotum
648 3690 758 3734 amore
772 3669 987 3756 reipublicae,
1009 3689 1102 3755 quam
1117 3666 1218 3732 homo
1231 3693 1308 3754 pes·
1348 3667 1349 3752 J

124 3751 406 3848 Appmmpsimus
433 3751 466 3813 in
491 3753 580 3840 nullo
604 3773 741 3816 numero
764 3753 913 3816 ducebat.
956 3751 1051 3816 Licet
1074 3751 1184 3814 autem
1201 3754 1309 3813 nomi-
1348 3775 1349 3806 t

111 3849 260 3918 potentiam
304 3847 396 3896 natue
419 3829 453 3895 in
470 3832 544 3920 lege
563 3835 740 3922 Pompejus
759 3857 826 3896 non
848 3847 936 3911 erat,
958 3833 1101 3900 dubitari
1122 3847 1232 3897 tumen
1251 3855 1308 3896 ne·
1348 3855 1349 3868 ¹

305 3961 643 3986 m

244 4047 250 4056 ’
277 4006 284 4021 ’
328 4027 412 4109 ⁴Cap.
428 4027 482 4108 Vl.
501 4025 578 4110 plui·
596 4025 669 4080 Pom
696 4065 702 4080 .
721 4021 836 4110 Cicero.
852 4020 929 4080 Plut.
947 4023 1065 4082 Cicero.
1081 4020 1213 4148 Appiam.
1228 4023 1308 4106 Plut.
1348 3983 1349 4078 i

302 4095 871 4238 tut:ltuttuttntuu
1000 4095 1130 4169 (Μ
1149 4131 1157 4147 ·
1178 4096 1309 4168 τῖ’·
1348 4151 1349 4202 ψ

241 4309 272 4384 x.
