2680 4690
314 233 374 298 don
401 168 1289 318 racttsflssmtsucatumEtJTotttmtmmvlt

285 480 295 496 .
315 435 523 520 ques'viribus
541 459 559 498 a
576 450 665 502 sexta
682 433 749 497 diei
764 431 865 506 hora,
887 429 992 494 donec
1007 431 1121 494 stellae
1136 431 1233 496 coelo
1245 433 1302 494 lul·

225 529 295 581 ·7·
317 532 440 582 serunt.
488 521 523 582 ln
546 539 586 582 eo
609 516 785 581 certamine
806 515 842 576 C.
857 513 1028 576 Memmius
1051 512 1199 597 quaestor
1212 515 1303 575 Pom-

340 599 402 679 eji,
425 601 477 662 vir
493 601 627 664 militiae
646 596 873 684 peritillimus,
903 594 1073 670 occubuit3
1104 608 1139 657 et
1159 615 1218 657 sex
1237 595 1303 656 mil·

315 621 358 743 iia
375 681 649 766 'Pompeianorum
671 693 746 744 sunt
766 675 957 758 interiecta:
991 676 1031 737 de
1049 676 1247 740 Sertorianis
1269 677 1304 738 ad

316 763 419 824 millia
442 764 505 824 tria
528 761 728 826 oeciderunt.
769 760 904 822 Interim
928 759 1079 822 Metellus
1104 758 1146 820 de
1167 761 1304 844 Perper·

317 865 378 906 nae
400 845 548 908 exercitu
563 845 605 908 ad
622 845 722 907 millia
739 843 882 928 quinque
899 839 1052 903 concidit.
1110 841 1115 870 ·'

157 977 272 1034 weram
377 975 433 1036 Xl.
461 975 582 1058 Igitur,
611 973 709 1037 illatis
737 951 772 1034 in
798 991 867 1034 eam
893 985 1017 1056 partem
1044 971 1167 1056 signis,
1197 973 1306 1034 Serto-

77 1107 79 1112 .
129 1050 289 1120 Wi‘fldffl·
318 1055 395 1136 rius,
408 1055 447 1118 ad
468 1057 569 1152 ipi'um
588 1055 691 1140 usqu'e
709 1056 956 1139 imperatorem,
980 1053 1083 1138 pulsis
1102 1053 1305 1138 ob‘iiantibus,

317 1151 512 1224 penetravit.
553 1137 631 1208 llle,
661 1155 850 1221 quamquam
871 1135 963 1198 senio
985 1149 1190 1217 gravaretur,
1215 1132 1306 1198 sorti-

318 1234 370 1280 ter
386 1219 518 1290 restitit,
542 1219 730 1302 animosque
754 1237 904 1290 auorum,
934 1237 1038 1300 prope
1057 1215 1237 1301 deploratis
1256 1237 1305 1277 re-

317 1301 398 1371 bus,
422 1320 519 1373 voce,
540 1321 653 1371 manu,
676 1299 826 1384 exemplo
845 1299 986 1384 denique
1003 1296 1217 1361 confirmavit.
1244 1297 1306 1360 Sed

318 1383 456 1445 immane
483 1395 635 1466 quantum
657 1381 753 1444 animi
776 1379 944 1456 exarsere,
974 1379 1137 1464 postquam
1160 1381 1305 1442 vulnera-

319 1477 385 1525 tum
406 1465 472 1526 ictu
489 1463 632 1546 tragulae
650 1461 813 1530 viderunt.
844 1475 911 1523 tum
927 1463 1019 1524 eninr
1030 1459 1171 1546 pudore,
1195 1483 1235 1523 ne
1253 1461 1306 1524 de-

319 1546 452 1608 sernille
469 1546 698 1627 imperatorem
717 1544 922 1616 dicerentur,
953 1557 986 1605 et
1005 1564 1041 1605 ea
1060 1556 1164 1606 aetate
1183 1544 1304 1616 virum,

319 1627 541 1712 periculorum
569 1643 647 1708 prae
675 1627 723 1686 ira
753 1624 864 1698 obliti,
897 1625 1089 1710 repulerunt
1117 1621 1242 1700 hostes,
1277 1641 1307 1688 et

178 1713 198 1782 .‘
231 1727 238 1734 ·
320 1709 505 1804 Metellum,
536 1707 637 1770 scutis
659 1707 796 1790 objectis
815 1720 1044 1798 protegentes,
1067 1709 1252 1770 extulerunt
1272 1729 1308 1770 er

321 1811 403 1852 acre.

170 1937 310 2002 sororias
381 1921 451 1982 Xll.
482 1919 667 1994 Sertorius,
696 1919 834 1983 anillam
857 1944 876 1986 e
897 1923 1043 1996 manibus
1065 1942 1171 2018 prope
1193 1938 1310 1984 certam

22 2037 27 2046 -
133 2007 291 2060 luctacius
322 2003 490 2065 victoriam
509 2000 642 2076 dolens,
671 2003 804 2086 vespera
825 2006 993 2089 sequentis
1012 2006 1098 2078 dier,
1128 2025 1227 2088 quum
1247 2027 1309 2066 rna-

134 2075 274 2147 WQW·
321 2107 390 2168 gna⁴
405 2083 444 2144 ad
464 2105 537 2145 eum
558 2084 675 2144 auxilia
693 2085 911 2168 Hispanorum
933 2089 1108 2168 renident,
1131 2084 1228 2148 castra
1245 2091 1311 2148 lle-

320 2167 392 2228 telli
411 2165 518 2227 subito
537 2185 726 2248 oppugnare
742 2166 873 2232 adortus
890 2165 942 2232 est.
966 2170 1034 2242 sed,
1058 2169 1310 2249 superveniente

320 2246 496 2343 Pompeio,
527 2247 674 2332 Calaguri
694 2262 845 2311 montano
868 2265 901 2313 et
919 2252 1041 2313 munito
1061 2248 1202 2334 oppido,
1225 2249 1311 2334 quod

321 2349 432 2414 paucis
450 2327 526 2388 inde
545 2328 687 2389 millibus
703 2325 825 2404 aberat,
849 2353 885 2394 se
900 2333 1043 2404 inclusit,
1066 2347 1111 2404 ut,
1135 2331 1167 2391 in
1187 2353 1223 2392 se
1237 2353 1312 2392 aro-

322 2411 401 2472 catis
419 2410 572 2470 Romanis
593 2409 746 2484 ducibus,
773 2427 876 2476 tutum
896 2417 963 2478 suis
983 2415 1103 2476 abitum
1124 2411 1311 2496 praedaret.

320 2493 468 2564 Romani,
491 2513 587 2575 quum
603 2502 709 2576 neque
727 2496 879 2580 persequi
894 2498 1051 2581 palantes,
1073 2514 1133 2556 nec
1149 2515 1313 2578 expugna-

323 2594 359 2635 re
376 2571 562 2636 resistentes
575 2573 711 2659 pollent,
733 2577 885 2660 gravibus
905 2578 943 2640 ab
960 2579 1000 2642 co
1017 2577 1141 2640 damnis
1157 2598 1220 2662 per
1235 2599 1322 2639 con-¹

320 2655 427 2718 tinnas
446 2653 634 2739 eruptiones
650 2655 781 2728 adlecti,
802 2658 864 2740 jam
884 2673 1031 2746 tempore
1049 2659 1123 2720 anni
1142 2658 1312 2732 invitante,

322 2737 447 2800 relictis
470 2736 510 2798 ad
533 2737 737 2801 obsidionem
758 2739 1011 2824 calaguritanum
1034 2739 1163 2802 idoneis
1186 2743 1311 2824 copiis,

321 2815 354 2880 in
375 2819 510 2882 hiberna
529 2819 751 2882 diacess'erunt.
781 2823 871 2885 Haec
890 2825 934 2886 ita
956 2822 1040 2907 apud
1058 2823 1141 2884 alios
1160 2835 1321 2885 auctores

320 2902 464 2986 reperio.
505 2901 618 2964 Livius
645 2922 663 2962 a
686 2903 820 2966 Metello
845 2905 1028 2968 Sertorium
1052 2917 1085 2974 et
1109 2905 1314 2987 Perpernam

320 3002 393 3044 cum
418 2983 543 3052 duobus
571 2983 769 3046 exercitibus
791 2985 880 3048 fusos
902 2987 1095 3082 fugatosque
1117 2985 1315 3070 scripserat;

319 3065 526 3150 Pompeium,
547 3079 673 3148 partem
694 3064 849 3132 victoriae
868 3068 958 3132 serre
979 3083 1176 3152 cupientem,
1198 3091 1316 3152 parum

318 3146 474 3230 prospere
495 3147 691 3232 pugnaviffe.

155 3285 305 3340 Maeotidis.
378 3277 462 3338 Xlll.
485 3277 583 3342 Certe
596 3281 747 3344 Metellus
762 3285 993 3366 Imperatorem
1009 3300 1045 3344 se
1062 3277 1225 3360 obtinium
1245 3285 1319 3346 acie

139 3367 291 3437 ''ww''
321 3359 502 3424 Sertorium
517 3381 556 3444 ap
582 3361 691 3437 ellari,
714 3364 860 3448 adeoque
880 3363 1028 3426 omnibus
1044 3362 1194 3425 humanis
1210 3363 1319 3426 hono.

120 3425 276 3495 *simum
320 3439 410 3502 ribus
429 3441 494 3502 coli
514 3384 617 3524 padus
637 3443 696 3515 ett,
718 3460 753 3508 ut
768 3467 809 3508 ne
827 3445 957 3530 quidem
977 3444 1131 3507 adivinis
1149 3455 1319 3530 tempera*

319 3536 381 3583 ret.
410 3525 446 3586 ln
464 3523 654 3587 ulteriorem
669 3527 858 3611 Hispaniam
876 3527 1051 3612 regrell'us,
1072 3545 1188 3610 magna
1207 3529 1318 3611 gloria

318 3605 582 3670 ¹concurrentium
605 3607 683 3670 undi
708 3629 749 3670 ue
772 3608 917 3670 virorum
939 3607 1221 3694 feminarumque,
1249 3613 1318 3676 vias

319 3701 356 3745 oo
377 3699 460 3749 tecta
478 3687 602 3752 visendi
621 3629 723 3752 cauda
741 3689 956 3774 replentium,
979 3689 1198 3775 spectabatur.

323 3834 658 3854 Μ

335 3919 425 3995 ¹Cap.
441 3921 476 3974 X.
496 3921 581 3978 Oros.
597 3925 675 3980 rtur.
695 3926 717 3978 Α
742 3923 821 4000 pian.
857 3927 930 4004 Gap.
945 3927 995 3984 x1.
1014 3928 1091 3982 Plut.
1110 3925 1185 3982 Sall.
1204 3927 1280 3982 niti.
1293 3946 1317 3984 s.

278 4013 282 4020 ·
323 4005 364 4042 ao.
381 4001 409 4044 et
421 4007 447 4058 q.
468 3989 543 4071 Plut.
589 3993 662 4074 (lap.
677 3941 740 4048 xli
765 3995 892 4068 Appian.
911 3997 974 4052 laia.
992 3997 1070 4068 Epit.
1090 3995 1168 4049 Plut.
1188 3997 1317 4066 Ptolem,

319 4057 394 4183 ξιιῑῑθῖι
421 4061 547 4133 ΔΡΡΙΝΙ·
571 4061 636 4118 ΙΙΝο
654 4062 733 4136 Epits
769 4065 842 4140 cap·
859 4065 937 4126 xffls
962 4067 1040 4124 pluis
1066 4064 1139 4124 Sflns
1155 4064 1230 4121 msto
1248 4085 1277 4134 Ι,
1293 4085 1316 4134 7
