<?xml version="1.0" encoding="UTF-8"?>
<!DOCTYPE html PUBLIC "-//W3C//DTD XHTML 1.0 Transitional//EN"
    "http://www.w3.org/TR/xhtml1/DTD/xhtml1-transitional.dtd">
<html xmlns="http://www.w3.org/1999/xhtml" xml:lang="en" lang="en">
 <head>
  <title>
</title>
<meta http-equiv="Content-Type" content="text/html;charset=utf-8" />
  <meta name='ocr-system' content='tesseract 3.04.00' />
  <meta name='ocr-capabilities' content='ocr_page ocr_carea ocr_par ocr_line ocrx_word'/>
</head>
<body>
  <div class='ocr_page' id='page_1' title='image "./tliviipatavinih04drakgoog_0361.png"; bbox 0 0 2680 4690; ppageno 0'>
   <div class='ocr_carea' id='block_1_1' title="bbox 204 229 1298 309">
    <p class='ocr_par' dir='ltr' id='par_1_1' title="bbox 204 229 1298 309">
     <span class='ocr_line' id='line_1_1' title="bbox 204 229 1298 309; baseline -0.001 -10"><span class='ocrx_word' id='word_1_1' title='bbox 204 237 211 260; x_wconf 85' lang='lat'><strong><em>¹</em></strong></span> <span class='ocrx_word' id='word_1_2' title='bbox 333 233 397 309; x_wconf 71' lang='lat' dir='ltr'><strong>dite</strong></span> <span class='ocrx_word' id='word_1_3' title='bbox 423 229 1125 305; x_wconf 72' lang='lat' dir='ltr'><strong>melnsueusseurrnettettroutttt</strong></span> <span class='ocrx_word' id='word_1_4' title='bbox 1137 234 1298 298; x_wconf 71' lang='lat' dir='ltr'><strong>Luem.</strong></span> 
     </span>
    </p>
   </div>
   <div class='ocr_carea' id='block_1_2' title="bbox 149 395 1313 1184">
    <p class='ocr_par' dir='ltr' id='par_1_2' title="bbox 149 395 1313 1184">
     <span class='ocr_line' id='line_1_2' title="bbox 168 395 1313 564; baseline -0.01 -55"><span class='ocrx_word' id='word_1_5' title='bbox 168 440 205 562; x_wconf 50' lang='lat' dir='ltr'><strong>kl·</strong></span> <span class='ocrx_word' id='word_1_6' title='bbox 221 457 250 564; x_wconf 61' lang='grc' dir='ltr'>ὃ</span> <span class='ocrx_word' id='word_1_7' title='bbox 263 439 326 501; x_wconf 75' lang='lat'><strong>⁶⁰¹·</strong></span> <span class='ocrx_word' id='word_1_8' title='bbox 398 397 480 506; x_wconf 58' lang='lat' dir='ltr'><strong>dlii.</strong></span> <span class='ocrx_word' id='word_1_9' title='bbox 500 448 569 510; x_wconf 84' lang='lat' dir='ltr'><strong>Nec</strong></span> <span class='ocrx_word' id='word_1_10' title='bbox 587 443 652 506; x_wconf 88' lang='lat' dir='ltr'><strong>nlic</strong></span> <span class='ocrx_word' id='word_1_11' title='bbox 669 395 1028 540; x_wconf 70' lang='lat' dir='ltr'><strong>ternporeclariuribue</strong></span> <span class='ocrx_word' id='word_1_12' title='bbox 1045 397 1250 506; x_wconf 74' lang='lat' dir='ltr'><strong>documentis</strong></span> <span class='ocrx_word' id='word_1_13' title='bbox 1267 465 1313 528; x_wconf 79' lang='lat' dir='ltr'><strong>ap.</strong></span> 
     </span>
     <span class='ocr_line' id='line_1_3' title="bbox 159 524 1312 644; baseline -0.009 -55"><span class='ocrx_word' id='word_1_14' title='bbox 159 527 327 644; x_wconf 41' lang='grc' dir='ltr'><strong>6νὶεὼἷῖἰὲ</strong></span> <span class='ocrx_word' id='word_1_15' title='bbox 339 539 462 620; x_wconf 64' lang='lat' dir='ltr'><strong>parunt,</strong></span> <span class='ocrx_word' id='word_1_16' title='bbox 493 547 586 610; x_wconf 79' lang='lat' dir='ltr'><strong>quam</strong></span> <span class='ocrx_word' id='word_1_17' title='bbox 611 525 759 588; x_wconf 77' lang='lat' dir='ltr'><strong>salutaria</strong></span> <span class='ocrx_word' id='word_1_18' title='bbox 780 525 823 588; x_wconf 86' lang='lat' dir='ltr'><strong>sit</strong></span> <span class='ocrx_word' id='word_1_19' title='bbox 842 537 1017 596; x_wconf 71' lang='lat' dir='ltr'><strong>reveritae,</strong></span> <span class='ocrx_word' id='word_1_20' title='bbox 1046 524 1251 620; x_wconf 30' lang='lat' dir='ltr'><strong>ubillenidra</strong></span> <span class='ocrx_word' id='word_1_21' title='bbox 1270 549 1312 622; x_wconf 75' lang='lat' dir='ltr'><strong>re.</strong></span> 
     </span>
     <span class='ocr_line' id='line_1_4' title="bbox 149 601 1312 772; baseline -0.006 -17"><span class='ocrx_word' id='word_1_22' title='bbox 149 648 249 770; x_wconf 56' lang='lat' dir='ltr'><strong>{itm</strong></span> <span class='ocrx_word' id='word_1_23' title='bbox 267 601 946 772; x_wconf 63' lang='lat' dir='ltr'><strong>trs?tttz⁰tt,ttt¹f·,stt0tts‚</strong></span> <span class='ocrx_word' id='word_1_24' title='bbox 960 604 1312 772; x_wconf 67' lang='grc' dir='ltr'>ΞΞΞΞΞΞΞΞΞΞΞ</span> 
     </span>
     <span class='ocr_line' id='line_1_5' title="bbox 336 767 1312 854; baseline -0.003 -19"><span class='ocrx_word' id='word_1_25' title='bbox 336 771 452 844; x_wconf 87' lang='lat' dir='ltr'><strong>citato,</strong></span> <span class='ocrx_word' id='word_1_26' title='bbox 483 772 595 834; x_wconf 87' lang='lat' dir='ltr'><strong>decem</strong></span> <span class='ocrx_word' id='word_1_27' title='bbox 620 767 720 831; x_wconf 86' lang='lat' dir='ltr'><strong>millia</strong></span> <span class='ocrx_word' id='word_1_28' title='bbox 745 769 956 854; x_wconf 78' lang='lat' dir='ltr'><strong>fugitivorum</strong></span> <span class='ocrx_word' id='word_1_29' title='bbox 977 769 1114 830; x_wconf 76' lang='lat' dir='ltr'>seorsim</span> <span class='ocrx_word' id='word_1_30' title='bbox 1136 767 1248 832; x_wconf 84' lang='lat' dir='ltr'><strong>ssativa</strong></span> <span class='ocrx_word' id='word_1_31' title='bbox 1267 771 1312 832; x_wconf 88' lang='lat' dir='ltr'><strong>ha·</strong></span> 
     </span>
     <span class='ocr_line' id='line_1_6' title="bbox 335 849 1311 938; baseline -0.004 -21"><span class='ocrx_word' id='word_1_32' title='bbox 335 854 478 918; x_wconf 87' lang='lat' dir='ltr'><strong>beutinm</strong></span> <span class='ocrx_word' id='word_1_33' title='bbox 500 852 682 938; x_wconf 71' lang='lat' dir='ltr'>aggressus,</span> <span class='ocrx_word' id='word_1_34' title='bbox 716 871 772 912; x_wconf 79' lang='lat' dir='ltr'><strong>aex</strong></span> <span class='ocrx_word' id='word_1_35' title='bbox 792 851 893 912; x_wconf 86' lang='lat' dir='ltr'><strong>millia</strong></span> <span class='ocrx_word' id='word_1_36' title='bbox 913 869 1025 912; x_wconf 87' lang='lat' dir='ltr'><strong>eornm</strong></span> <span class='ocrx_word' id='word_1_37' title='bbox 1047 849 1237 926; x_wconf 78' lang='lat' dir='ltr'><strong>interfecit,</strong></span> <span class='ocrx_word' id='word_1_38' title='bbox 1269 871 1311 914; x_wconf 89' lang='lat' dir='ltr'><strong>te-</strong></span> 
     </span>
     <span class='ocr_line' id='line_1_7' title="bbox 331 930 1311 1022; baseline 0 -26"><span class='ocrx_word' id='word_1_39' title='bbox 331 937 448 1022; x_wconf 86' lang='lat' dir='ltr'><strong>pitque</strong></span> <span class='ocrx_word' id='word_1_40' title='bbox 472 957 536 997; x_wconf 90' lang='lat' dir='ltr'><strong>non</strong></span> <span class='ocrx_word' id='word_1_41' title='bbox 561 947 665 998; x_wconf 84' lang='lat' dir='ltr'><strong>entce.</strong></span> <span class='ocrx_word' id='word_1_42' title='bbox 712 932 844 1017; x_wconf 80' lang='lat' dir='ltr'><strong>Reliqui</strong></span> <span class='ocrx_word' id='word_1_43' title='bbox 867 953 963 1016; x_wconf 90' lang='lat' dir='ltr'><strong>quum</strong></span> <span class='ocrx_word' id='word_1_44' title='bbox 983 931 1023 993; x_wconf 90' lang='lat' dir='ltr'><strong>ad</strong></span> <span class='ocrx_word' id='word_1_45' title='bbox 1043 930 1158 994; x_wconf 90' lang='lat' dir='ltr'><strong>ducem</strong></span> <span class='ocrx_word' id='word_1_46' title='bbox 1179 933 1311 1016; x_wconf 82' lang='lat' dir='ltr'><strong>refugia·</strong></span> 
     </span>
     <span class='ocr_line' id='line_1_8' title="bbox 334 1012 1311 1100; baseline -0.011 -20"><span class='ocrx_word' id='word_1_47' title='bbox 334 1032 426 1090; x_wconf 81' lang='lat' dir='ltr'><strong>tent,</strong></span> <span class='ocrx_word' id='word_1_48' title='bbox 456 1019 517 1080; x_wconf 87' lang='lat' dir='ltr'><strong>Cra</strong></span> <span class='ocrx_word' id='word_1_49' title='bbox 545 1039 581 1078; x_wconf 87' lang='lat' dir='ltr'><strong>ua</strong></span> <span class='ocrx_word' id='word_1_50' title='bbox 602 1016 636 1076; x_wconf 92' lang='lat' dir='ltr'><strong>in</strong></span> <span class='ocrx_word' id='word_1_51' title='bbox 654 1012 756 1098; x_wconf 90' lang='lat' dir='ltr'><strong>ipsum</strong></span> <span class='ocrx_word' id='word_1_52' title='bbox 775 1031 905 1100; x_wconf 87' lang='lat' dir='ltr'><strong>quoque</strong></span> <span class='ocrx_word' id='word_1_53' title='bbox 922 1013 1030 1077; x_wconf 89' lang='lat' dir='ltr'><strong>intulit</strong></span> <span class='ocrx_word' id='word_1_54' title='bbox 1046 1013 1157 1098; x_wconf 78' lang='lat' dir='ltr'><strong>cigna,</strong></span> <span class='ocrx_word' id='word_1_55' title='bbox 1186 1017 1311 1100; x_wconf 80' lang='lat' dir='ltr'>prospe.</span> 
     </span>
     <span class='ocr_line' id='line_1_9' title="bbox 240 1095 761 1184; baseline -0.002 -26"><span class='ocrx_word' id='word_1_56' title='bbox 240 1147 246 1158; x_wconf 88' lang='lat'><strong><em>.</em></strong></span> <span class='ocrx_word' id='word_1_57' title='bbox 332 1119 469 1184; x_wconf 86' lang='lat' dir='ltr'><strong>rumque</strong></span> <span class='ocrx_word' id='word_1_58' title='bbox 489 1099 650 1184; x_wconf 86' lang='lat' dir='ltr'><strong>proelium</strong></span> <span class='ocrx_word' id='word_1_59' title='bbox 669 1095 761 1159; x_wconf 81' lang='lat' dir='ltr'><strong>iecit.</strong></span> 
     </span>
    </p>
   </div>
   <div class='ocr_carea' id='block_1_3' title="bbox 146 1219 1333 2509">
    <p class='ocr_par' dir='ltr' id='par_1_3' title="bbox 146 1219 1311 1634">
     <span class='ocr_line' id='line_1_10' title="bbox 152 1219 1311 1310; baseline -0.008 -18"><span class='ocrx_word' id='word_1_60' title='bbox 152 1219 323 1304; x_wconf 55' lang='lat' dir='ltr'><strong>,Seffsfffm</strong></span> <span class='ocrx_word' id='word_1_61' title='bbox 393 1231 489 1292; x_wconf 77' lang='lat' dir='ltr'><strong>xut.</strong></span> <span class='ocrx_word' id='word_1_62' title='bbox 513 1233 596 1290; x_wconf 84' lang='lat' dir='ltr'><strong>Tum</strong></span> <span class='ocrx_word' id='word_1_63' title='bbox 611 1229 782 1310; x_wconf 78' lang='lat' dir='ltr'><strong>Spartacus</strong></span> <span class='ocrx_word' id='word_1_64' title='bbox 798 1245 859 1308; x_wconf 89' lang='lat' dir='ltr'><strong>per</strong></span> <span class='ocrx_word' id='word_1_65' title='bbox 870 1221 1041 1286; x_wconf 77' lang='lat' dir='ltr'>Lucaniam</span> <span class='ocrx_word' id='word_1_66' title='bbox 1055 1222 1231 1287; x_wconf 81' lang='lat' dir='ltr'><strong>adsuetum</strong></span> <span class='ocrx_word' id='word_1_67' title='bbox 1245 1243 1311 1284; x_wconf 87' lang='lat' dir='ltr'><strong>eon·</strong></span> 
     </span>
     <span class='ocr_line' id='line_1_11' title="bbox 148 1289 1309 1390; baseline -0.007 -18"><span class='ocrx_word' id='word_1_68' title='bbox 148 1307 177 1342; x_wconf 76' lang='lat'><strong>&#39;⁸</strong></span> <span class='ocrx_word' id='word_1_69' title='bbox 196 1289 322 1372; x_wconf 49' lang='lat' dir='ltr'><strong>&#39;ism‘</strong></span> <span class='ocrx_word' id='word_1_70' title='bbox 334 1311 454 1385; x_wconf 88' lang='lat' dir='ltr'><strong>tendit,</strong></span> <span class='ocrx_word' id='word_1_71' title='bbox 477 1311 509 1374; x_wconf 93' lang='lat' dir='ltr'><strong>in</strong></span> <span class='ocrx_word' id='word_1_72' title='bbox 525 1309 669 1372; x_wconf 87' lang='lat' dir='ltr'><strong>Siciliam</strong></span> <span class='ocrx_word' id='word_1_73' title='bbox 691 1305 901 1372; x_wconf 77' lang='lat' dir='ltr'><strong>transiturus:</strong></span> <span class='ocrx_word' id='word_1_74' title='bbox 930 1327 1012 1390; x_wconf 89' lang='lat' dir='ltr'><strong>quae</strong></span> <span class='ocrx_word' id='word_1_75' title='bbox 1032 1306 1135 1368; x_wconf 79' lang='lat' dir='ltr'><strong>insula</strong></span> <span class='ocrx_word' id='word_1_76' title='bbox 1156 1326 1196 1370; x_wconf 82' lang='lat' dir='ltr'><strong>ex</strong></span> <span class='ocrx_word' id='word_1_77' title='bbox 1217 1305 1309 1368; x_wconf 84' lang='lat' dir='ltr'><strong>bellu-</strong></span> 
     </span>
     <span class='ocr_line' id='line_1_12' title="bbox 146 1371 1309 1532; baseline -0.008 -77"><span class='ocrx_word' id='word_1_78' title='bbox 146 1371 322 1481; x_wconf 55' lang='lat' dir='ltr'><strong>:mm</strong></span> <span class='ocrx_word' id='word_1_79' title='bbox 334 1413 407 1454; x_wconf 88' lang='lat' dir='ltr'><strong>rum</strong></span> <span class='ocrx_word' id='word_1_80' title='bbox 424 1393 590 1456; x_wconf 70' lang='lat' dir='ltr'><strong>servilium</strong></span> <span class='ocrx_word' id='word_1_81' title='bbox 608 1389 778 1462; x_wconf 87' lang='lat' dir='ltr'><strong>incendio,</strong></span> <span class='ocrx_word' id='word_1_82' title='bbox 801 1409 866 1532; x_wconf 69' lang='lat' dir='ltr'><strong>qluo</strong></span> <span class='ocrx_word' id='word_1_83' title='bbox 886 1407 982 1473; x_wconf 80' lang='lat' dir='ltr'>saepe</span> <span class='ocrx_word' id='word_1_84' title='bbox 999 1403 1033 1450; x_wconf 90' lang='lat' dir='ltr'><strong>et</strong></span> <span class='ocrx_word' id='word_1_85' title='bbox 1047 1408 1153 1484; x_wconf 88' lang='lat' dir='ltr'><strong>nuper</strong></span> <span class='ocrx_word' id='word_1_86' title='bbox 1170 1401 1240 1449; x_wconf 87' lang='lat' dir='ltr'><strong>erat</strong></span> <span class='ocrx_word' id='word_1_87' title='bbox 1270 1386 1309 1446; x_wconf 72' lang='lat' dir='ltr'><strong>vi·</strong></span> 
     </span>
     <span class='ocr_line' id='line_1_13' title="bbox 188 1469 1309 1547; baseline -0.009 -9"><span class='ocrx_word' id='word_1_88' title='bbox 188 1531 191 1538; x_wconf 29' lang='lat'><strong>⁴</strong></span> <span class='ocrx_word' id='word_1_89' title='bbox 332 1487 416 1547; x_wconf 84' lang='lat' dir='ltr'><strong>tata,</strong></span> <span class='ocrx_word' id='word_1_90' title='bbox 444 1474 560 1535; x_wconf 84' lang='lat' dir='ltr'><strong>multae</strong></span> <span class='ocrx_word' id='word_1_91' title='bbox 584 1471 687 1534; x_wconf 89' lang='lat' dir='ltr'><strong>adhuc</strong></span> <span class='ocrx_word' id='word_1_92' title='bbox 711 1469 807 1532; x_wconf 86' lang='lat' dir='ltr'><strong>aciuti</strong></span> <span class='ocrx_word' id='word_1_93' title='bbox 833 1491 868 1534; x_wconf 80' lang='lat' dir='ltr'><strong>ae</strong></span> <span class='ocrx_word' id='word_1_94' title='bbox 884 1471 973 1532; x_wconf 88' lang='lat' dir='ltr'><strong>velut</strong></span> <span class='ocrx_word' id='word_1_95' title='bbox 992 1469 1051 1532; x_wconf 81' lang='lat' dir='ltr'><strong>cub</strong></span> <span class='ocrx_word' id='word_1_96' title='bbox 1070 1469 1237 1532; x_wconf 75' lang='lat' dir='ltr'><strong>cineribus</strong></span> <span class='ocrx_word' id='word_1_97' title='bbox 1252 1488 1309 1528; x_wconf 87' lang='lat' dir='ltr'><strong>ac-</strong></span> 
     </span>
     <span class='ocr_line' id='line_1_14' title="bbox 332 1550 1310 1634; baseline -0.006 -20"><span class='ocrx_word' id='word_1_98' title='bbox 332 1553 398 1624; x_wconf 81' lang='lat' dir='ltr'><strong>hat,</strong></span> <span class='ocrx_word' id='word_1_99' title='bbox 425 1554 566 1616; x_wconf 76' lang='lat' dir='ltr'><strong>exiturae</strong></span> <span class='ocrx_word' id='word_1_100' title='bbox 586 1553 621 1614; x_wconf 90' lang='lat' dir='ltr'><strong>in</strong></span> <span class='ocrx_word' id='word_1_101' title='bbox 639 1550 806 1624; x_wconf 76' lang='lat' dir='ltr'><strong>flammam,</strong></span> <span class='ocrx_word' id='word_1_102' title='bbox 828 1551 857 1612; x_wconf 79' lang='lat' dir='ltr'><strong>ei</strong></span> <span class='ocrx_word' id='word_1_103' title='bbox 875 1550 1035 1616; x_wconf 85' lang='lat' dir='ltr'><strong>mediocri</strong></span> <span class='ocrx_word' id='word_1_104' title='bbox 1052 1564 1142 1613; x_wconf 88' lang='lat' dir='ltr'><strong>motu</strong></span> <span class='ocrx_word' id='word_1_105' title='bbox 1162 1563 1310 1634; x_wconf 79' lang='lat' dir='ltr'><strong>tamqnam</strong></span> 
     </span>
    </p>

    <p class='ocr_par' dir='ltr' id='par_1_4' title="bbox 333 1631 1310 1716">
     <span class='ocr_line' id='line_1_15' title="bbox 333 1631 1310 1716; baseline -0.004 -20"><span class='ocrx_word' id='word_1_106' title='bbox 333 1631 473 1696; x_wconf 77' lang='lat' dir='ltr'><strong>flabellis</strong></span> <span class='ocrx_word' id='word_1_107' title='bbox 490 1633 716 1696; x_wconf 82' lang='lat' dir='ltr'><strong>excitarentur.</strong></span> <span class='ocrx_word' id='word_1_108' title='bbox 758 1633 883 1715; x_wconf 78' lang='lat' dir='ltr'><strong>Igitur,</strong></span> <span class='ocrx_word' id='word_1_109' title='bbox 900 1655 998 1716; x_wconf 91' lang='lat' dir='ltr'><strong>quum</strong></span> <span class='ocrx_word' id='word_1_110' title='bbox 1014 1633 1099 1696; x_wconf 85' lang='lat' dir='ltr'><strong>sorte</strong></span> <span class='ocrx_word' id='word_1_111' title='bbox 1116 1633 1310 1716; x_wconf 86' lang='lat' dir='ltr'><strong>praedatoria</strong></span> 
     </span>
    </p>

    <p class='ocr_par' dir='ltr' id='par_1_5' title="bbox 333 1711 1310 1796">
     <span class='ocr_line' id='line_1_16' title="bbox 333 1711 1310 1796; baseline -0.005 -18"><span class='ocrx_word' id='word_1_112' title='bbox 333 1715 461 1796; x_wconf 80' lang='lat' dir='ltr'><strong>navigia</strong></span> <span class='ocrx_word' id='word_1_113' title='bbox 487 1714 644 1778; x_wconf 83' lang='lat' dir='ltr'><strong>venissent</strong></span> <span class='ocrx_word' id='word_1_114' title='bbox 667 1714 707 1776; x_wconf 89' lang='lat' dir='ltr'><strong>ad</strong></span> <span class='ocrx_word' id='word_1_115' title='bbox 731 1711 868 1790; x_wconf 89' lang='lat' dir='ltr'><strong>sretum,</strong></span> <span class='ocrx_word' id='word_1_116' title='bbox 899 1714 968 1796; x_wconf 77' lang='lat' dir='ltr'><strong>egit</strong></span> <span class='ocrx_word' id='word_1_117' title='bbox 988 1735 1059 1778; x_wconf 86' lang='lat' dir='ltr'><strong>cnm</strong></span> <span class='ocrx_word' id='word_1_118' title='bbox 1077 1713 1253 1784; x_wconf 74' lang='lat' dir='ltr'><strong>cilicibus,</strong></span> <span class='ocrx_word' id='word_1_119' title='bbox 1281 1725 1310 1774; x_wconf 90' lang='lat' dir='ltr'><strong>ut</strong></span> 
     </span>
    </p>

    <p class='ocr_par' dir='ltr' id='par_1_6' title="bbox 333 1793 1310 1880">
     <span class='ocr_line' id='line_1_17' title="bbox 333 1793 1310 1880; baseline -0.005 -21"><span class='ocrx_word' id='word_1_120' title='bbox 333 1809 423 1860; x_wconf 87' lang='lat' dir='ltr'><strong>certa</strong></span> <span class='ocrx_word' id='word_1_121' title='bbox 444 1795 596 1858; x_wconf 79' lang='lat' dir='ltr'><strong>mercede</strong></span> <span class='ocrx_word' id='word_1_122' title='bbox 613 1810 738 1880; x_wconf 88' lang='lat' dir='ltr'><strong>partem</strong></span> <span class='ocrx_word' id='word_1_123' title='bbox 755 1815 906 1870; x_wconf 80' lang='lat' dir='ltr'><strong>anorum,</strong></span> <span class='ocrx_word' id='word_1_124' title='bbox 926 1793 991 1860; x_wconf 89' lang='lat' dir='ltr'><strong>duo</strong></span> <span class='ocrx_word' id='word_1_125' title='bbox 1009 1795 1108 1858; x_wconf 85' lang='lat' dir='ltr'><strong>millia</strong></span> <span class='ocrx_word' id='word_1_126' title='bbox 1124 1809 1197 1858; x_wconf 91' lang='lat' dir='ltr'><strong>erat</strong></span> <span class='ocrx_word' id='word_1_127' title='bbox 1213 1795 1310 1856; x_wconf 86' lang='lat' dir='ltr'><strong>missu·</strong></span> 
     </span>
    </p>

    <p class='ocr_par' dir='ltr' id='par_1_7' title="bbox 332 1876 1311 2102">
     <span class='ocr_line' id='line_1_18' title="bbox 332 1876 1310 1962; baseline -0.002 -22"><span class='ocrx_word' id='word_1_128' title='bbox 332 1898 401 1950; x_wconf 81' lang='lat' dir='ltr'><strong>rua,</strong></span> <span class='ocrx_word' id='word_1_129' title='bbox 423 1877 458 1940; x_wconf 90' lang='lat' dir='ltr'><strong>in</strong></span> <span class='ocrx_word' id='word_1_130' title='bbox 476 1877 577 1940; x_wconf 85' lang='lat' dir='ltr'><strong>insula</strong></span> <span class='ocrx_word' id='word_1_131' title='bbox 593 1891 804 1962; x_wconf 82' lang='lat' dir='ltr'><strong>exponerent.</strong></span> <span class='ocrx_word' id='word_1_132' title='bbox 846 1877 922 1950; x_wconf 85' lang='lat' dir='ltr'><strong>Sed,</strong></span> <span class='ocrx_word' id='word_1_133' title='bbox 946 1877 1100 1960; x_wconf 76' lang='lat' dir='ltr'><strong>deeeptus</strong></span> <span class='ocrx_word' id='word_1_134' title='bbox 1119 1876 1310 1946; x_wconf 61' lang='lat' dir='ltr'><strong>militibus,</strong></span> 
     </span>
     <span class='ocr_line' id='line_1_19' title="bbox 332 1955 1311 2102; baseline -0.002 -82"><span class='ocrx_word' id='word_1_135' title='bbox 332 1959 504 2102; x_wconf 83' lang='lat' dir='ltr'><strong>proponite</strong></span> <span class='ocrx_word' id='word_1_136' title='bbox 523 1959 662 2023; x_wconf 80' lang='lat' dir='ltr'><strong>excidit:</strong></span> <span class='ocrx_word' id='word_1_137' title='bbox 686 1959 772 2056; x_wconf 90' lang='lat' dir='ltr'><strong>quod</strong></span> <span class='ocrx_word' id='word_1_138' title='bbox 793 1959 841 2022; x_wconf 92' lang='lat' dir='ltr'><strong>illi</strong></span> <span class='ocrx_word' id='word_1_139' title='bbox 860 1955 929 2044; x_wconf 85' lang='lat' dir='ltr'><strong>post</strong></span> <span class='ocrx_word' id='word_1_140' title='bbox 948 1971 1079 2042; x_wconf 79' lang='lat' dir='ltr'><strong>accepte</strong></span> <span class='ocrx_word' id='word_1_141' title='bbox 1094 1979 1245 2031; x_wconf 87' lang='lat' dir='ltr'><strong>munera,</strong></span> <span class='ocrx_word' id='word_1_142' title='bbox 1265 1977 1311 2018; x_wconf 81' lang='lat' dir='ltr'><strong>an-</strong></span> 
     </span>
    </p>

    <p class='ocr_par' dir='ltr' id='par_1_8' title="bbox 347 2037 1310 2125">
     <span class='ocr_line' id='line_1_20' title="bbox 347 2037 1310 2125; baseline 0.001 -24"><span class='ocrx_word' id='word_1_143' title='bbox 347 2039 411 2102; x_wconf 84' lang='lat' dir='ltr'><strong>utis</strong></span> <span class='ocrx_word' id='word_1_144' title='bbox 433 2041 592 2125; x_wconf 75' lang='lat' dir='ltr'><strong>navigiia,</strong></span> <span class='ocrx_word' id='word_1_145' title='bbox 620 2041 711 2103; x_wconf 77' lang='lat' dir='ltr'><strong>taciti</strong></span> <span class='ocrx_word' id='word_1_146' title='bbox 733 2041 957 2104; x_wconf 79' lang='lat' dir='ltr'><strong>abscesserant.</strong></span> <span class='ocrx_word' id='word_1_147' title='bbox 1000 2042 1189 2124; x_wconf 75' lang='lat' dir='ltr'><strong>Spartacus,</strong></span> <span class='ocrx_word' id='word_1_148' title='bbox 1220 2037 1310 2124; x_wconf 85' lang='lat' dir='ltr'><strong>(posi-</strong></span> 
     </span>
    </p>

    <p class='ocr_par' dir='ltr' id='par_1_9' title="bbox 331 2119 1313 2265">
     <span class='ocr_line' id='line_1_21' title="bbox 331 2119 1313 2265; baseline -0.001 -82"><span class='ocrx_word' id='word_1_149' title='bbox 331 2141 427 2265; x_wconf 70' lang='lat' dir='ltr'><strong>qqam</strong></span> <span class='ocrx_word' id='word_1_150' title='bbox 445 2121 485 2184; x_wconf 91' lang='lat' dir='ltr'><strong>ad</strong></span> <span class='ocrx_word' id='word_1_151' title='bbox 504 2122 729 2204; x_wconf 76' lang='lat' dir='ltr'><strong>trajiciendum</strong></span> <span class='ocrx_word' id='word_1_152' title='bbox 744 2136 830 2184; x_wconf 80' lang='lat' dir='ltr'><strong>rates</strong></span> <span class='ocrx_word' id='word_1_153' title='bbox 849 2143 890 2184; x_wconf 81' lang='lat' dir='ltr'><strong>ex</strong></span> <span class='ocrx_word' id='word_1_154' title='bbox 905 2121 1047 2185; x_wconf 78' lang='lat' dir='ltr'><strong>cratibus</strong></span> <span class='ocrx_word' id='word_1_155' title='bbox 1069 2119 1141 2184; x_wconf 85' lang='lat' dir='ltr'><strong>sieri</strong></span> <span class='ocrx_word' id='word_1_156' title='bbox 1160 2121 1262 2202; x_wconf 84' lang='lat' dir='ltr'><strong>jussit,</strong></span> <span class='ocrx_word' id='word_1_157' title='bbox 1283 2134 1313 2182; x_wconf 86' lang='lat' dir='ltr'><strong>et</strong></span> 
     </span>
    </p>

    <p class='ocr_par' dir='ltr' id='par_1_10' title="bbox 328 2201 1333 2507">
     <span class='ocr_line' id='line_1_22' title="bbox 375 2201 1311 2288; baseline -0.001 -24"><span class='ocrx_word' id='word_1_158' title='bbox 375 2204 418 2264; x_wconf 77' lang='lat' dir='ltr'><strong>sit</strong></span> <span class='ocrx_word' id='word_1_159' title='bbox 435 2203 586 2288; x_wconf 81' lang='lat' dir='ltr'><strong>virgultis</strong></span> <span class='ocrx_word' id='word_1_160' title='bbox 604 2204 771 2276; x_wconf 87' lang='lat' dir='ltr'><strong>connecti,</strong></span> <span class='ocrx_word' id='word_1_161' title='bbox 802 2204 860 2266; x_wconf 78' lang='lat' dir='ltr'><strong>aed</strong></span> <span class='ocrx_word' id='word_1_162' title='bbox 879 2205 912 2266; x_wconf 90' lang='lat' dir='ltr'><strong>in</strong></span> <span class='ocrx_word' id='word_1_163' title='bbox 931 2201 1129 2288; x_wconf 85' lang='lat' dir='ltr'><strong>rapidissime</strong></span> <span class='ocrx_word' id='word_1_164' title='bbox 1146 2203 1235 2268; x_wconf 78' lang='lat' dir='ltr'><strong>sueto</strong></span> <span class='ocrx_word' id='word_1_165' title='bbox 1254 2203 1311 2264; x_wconf 87' lang='lat' dir='ltr'><strong>sra-</strong></span> 
     </span>
     <span class='ocr_line' id='line_1_23' title="bbox 331 2282 1333 2368; baseline 0.001 -24"><span class='ocrx_word' id='word_1_166' title='bbox 331 2283 397 2368; x_wconf 79' lang='lat' dir='ltr'><strong>gile</strong></span> <span class='ocrx_word' id='word_1_167' title='bbox 416 2287 703 2348; x_wconf 85' lang='lat' dir='ltr'><strong>machinamentum</strong></span> <span class='ocrx_word' id='word_1_168' title='bbox 724 2285 789 2346; x_wconf 87' lang='lat' dir='ltr'><strong>cite</strong></span> <span class='ocrx_word' id='word_1_169' title='bbox 809 2285 992 2348; x_wconf 78' lang='lat' dir='ltr'><strong>dissolutum</strong></span> <span class='ocrx_word' id='word_1_170' title='bbox 1011 2282 1075 2366; x_wconf 85' lang='lat' dir='ltr'><strong>est)</strong></span> <span class='ocrx_word' id='word_1_171' title='bbox 1102 2286 1220 2348; x_wconf 86' lang='lat' dir='ltr'><strong>relicto</strong></span> <span class='ocrx_word' id='word_1_172' title='bbox 1242 2287 1310 2346; x_wconf 85' lang='lat' dir='ltr'><strong>lito·</strong></span> <span class='ocrx_word' id='word_1_173' title='bbox 1332 2293 1333 2321; x_wconf 58' lang='grc'><strong>1</strong></span> 
     </span>
     <span class='ocr_line' id='line_1_24' title="bbox 328 2365 1311 2507; baseline 0.001 -82"><span class='ocrx_word' id='word_1_174' title='bbox 328 2365 537 2507; x_wconf 39' lang='lat' dir='ltr'><strong>repreduxit</strong></span> <span class='ocrx_word' id='word_1_175' title='bbox 553 2367 682 2452; x_wconf 83' lang='lat' dir='ltr'><strong>copiae,</strong></span> <span class='ocrx_word' id='word_1_176' title='bbox 705 2379 740 2430; x_wconf 87' lang='lat' dir='ltr'><strong>et</strong></span> <span class='ocrx_word' id='word_1_177' title='bbox 760 2367 794 2428; x_wconf 92' lang='lat' dir='ltr'><strong>in</strong></span> <span class='ocrx_word' id='word_1_178' title='bbox 807 2367 1030 2452; x_wconf 76' lang='lat' dir='ltr'><strong>Rhegincrum</strong></span> <span class='ocrx_word' id='word_1_179' title='bbox 1049 2367 1222 2452; x_wconf 79' lang='lat' dir='ltr'><strong>peninsula</strong></span> <span class='ocrx_word' id='word_1_180' title='bbox 1240 2387 1311 2429; x_wconf 90' lang='lat' dir='ltr'><strong>con·</strong></span> 
     </span>
    </p>

    <p class='ocr_par' dir='ltr' id='par_1_11' title="bbox 330 2459 426 2509">
     <span class='ocr_line' id='line_1_25' title="bbox 330 2459 426 2509; baseline -0.021 0"><span class='ocrx_word' id='word_1_181' title='bbox 330 2459 426 2509; x_wconf 79' lang='lat' dir='ltr'><strong>aeut.</strong></span> 
     </span>
    </p>
   </div>
   <div class='ocr_carea' id='block_1_4' title="bbox 140 2547 1331 3868">
    <p class='ocr_par' dir='ltr' id='par_1_12' title="bbox 140 2547 1331 2887">
     <span class='ocr_line' id='line_1_26' title="bbox 151 2547 1312 2642; baseline 0 -28"><span class='ocrx_word' id='word_1_182' title='bbox 151 2547 316 2604; x_wconf 63' lang='lat' dir='ltr'><strong>Sedetana.</strong></span> <span class='ocrx_word' id='word_1_183' title='bbox 389 2551 500 2614; x_wconf 74' lang='lat' dir='ltr'><strong>xum.</strong></span> <span class='ocrx_word' id='word_1_184' title='bbox 531 2555 645 2638; x_wconf 87' lang='lat' dir='ltr'><strong>Neque</strong></span> <span class='ocrx_word' id='word_1_185' title='bbox 663 2553 789 2618; x_wconf 73' lang='lat' dir='ltr'><strong>Crassus</strong></span> <span class='ocrx_word' id='word_1_186' title='bbox 816 2569 1003 2620; x_wconf 87' lang='lat' dir='ltr'><strong>cunctanter</strong></span> <span class='ocrx_word' id='word_1_187' title='bbox 1022 2552 1232 2642; x_wconf 79' lang='lat' dir='ltr'><strong>insequutus,</strong></span> <span class='ocrx_word' id='word_1_188' title='bbox 1260 2553 1312 2615; x_wconf 90' lang='lat' dir='ltr'><strong>ubi</strong></span> 
     </span>
     <span class='ocr_line' id='line_1_27' title="bbox 140 2619 1312 2720; baseline 0.001 -25"><span class='ocrx_word' id='word_1_189' title='bbox 140 2619 265 2672; x_wconf 55' lang='lat' dir='ltr'><em>‘mum&#39;</em></span> <span class='ocrx_word' id='word_1_190' title='bbox 281 2636 301 2676; x_wconf 75' lang='lat'>⁵</span> <span class='ocrx_word' id='word_1_191' title='bbox 328 2633 477 2697; x_wconf 89' lang='lat' dir='ltr'><strong>locorum</strong></span> <span class='ocrx_word' id='word_1_192' title='bbox 497 2635 720 2700; x_wconf 74' lang='lat' dir='ltr'><strong>consideravit</strong></span> <span class='ocrx_word' id='word_1_193' title='bbox 734 2635 919 2720; x_wconf 79' lang='lat' dir='ltr'><strong>ingenium,</strong></span> <span class='ocrx_word' id='word_1_194' title='bbox 940 2638 1077 2700; x_wconf 85' lang='lat' dir='ltr'><strong>maximo</strong></span> <span class='ocrx_word' id='word_1_195' title='bbox 1096 2636 1190 2720; x_wconf 89' lang='lat' dir='ltr'><strong>uperi</strong></span> <span class='ocrx_word' id='word_1_196' title='bbox 1210 2635 1312 2697; x_wconf 86' lang='lat' dir='ltr'><strong>admn-</strong></span> 
     </span>
     <span class='ocr_line' id='line_1_28' title="bbox 142 2687 1313 2805; baseline 0.002 -29"><span class='ocrx_word' id='word_1_197' title='bbox 142 2687 251 2742; x_wconf 53' lang='grc' dir='ltr'><strong>Μ’·</strong></span> <span class='ocrx_word' id='word_1_198' title='bbox 300 2743 302 2752; x_wconf 68' lang='lat'><strong>,</strong></span> <span class='ocrx_word' id='word_1_199' title='bbox 327 2713 405 2778; x_wconf 82' lang='lat' dir='ltr'><strong>litua</strong></span> <span class='ocrx_word' id='word_1_200' title='bbox 429 2711 471 2778; x_wconf 84' lang='lat' dir='ltr'><strong>est</strong></span> <span class='ocrx_word' id='word_1_201' title='bbox 492 2737 636 2793; x_wconf 89' lang='lat' dir='ltr'><strong>manum,</strong></span> <span class='ocrx_word' id='word_1_202' title='bbox 661 2717 822 2802; x_wconf 82' lang='lat' dir='ltr'><strong>fossaque,</strong></span> <span class='ocrx_word' id='word_1_203' title='bbox 844 2719 946 2805; x_wconf 82' lang='lat' dir='ltr'><strong>pedet</strong></span> <span class='ocrx_word' id='word_1_204' title='bbox 967 2718 1154 2804; x_wconf 89' lang='lat' dir='ltr'><strong>quindecim</strong></span> <span class='ocrx_word' id='word_1_205' title='bbox 1171 2718 1250 2788; x_wconf 85' lang='lat' dir='ltr'><strong>alta,</strong></span> <span class='ocrx_word' id='word_1_206' title='bbox 1272 2718 1313 2779; x_wconf 84' lang='lat' dir='ltr'><strong>la-</strong></span> 
     </span>
     <span class='ocr_line' id='line_1_29' title="bbox 328 2795 1331 2887; baseline 0.003 -30"><span class='ocrx_word' id='word_1_207' title='bbox 328 2795 468 2860; x_wconf 88' lang='lat' dir='ltr'><strong>titudine</strong></span> <span class='ocrx_word' id='word_1_208' title='bbox 489 2799 580 2884; x_wconf 89' lang='lat' dir='ltr'><strong>pari,</strong></span> <span class='ocrx_word' id='word_1_209' title='bbox 603 2803 629 2861; x_wconf 88' lang='lat' dir='ltr'><strong>&#39;a</strong></span> <span class='ocrx_word' id='word_1_210' title='bbox 654 2799 736 2862; x_wconf 87' lang='lat' dir='ltr'><strong>mari</strong></span> <span class='ocrx_word' id='word_1_211' title='bbox 760 2799 801 2860; x_wconf 93' lang='lat' dir='ltr'><strong>ad</strong></span> <span class='ocrx_word' id='word_1_212' title='bbox 824 2821 912 2863; x_wconf 85' lang='lat' dir='ltr'><strong>mare</strong></span> <span class='ocrx_word' id='word_1_213' title='bbox 937 2821 998 2885; x_wconf 91' lang='lat' dir='ltr'><strong>per</strong></span> <span class='ocrx_word' id='word_1_214' title='bbox 1023 2800 1185 2864; x_wconf 78' lang='lat' dir='ltr'><strong>cervicem</strong></span> <span class='ocrx_word' id='word_1_215' title='bbox 1211 2797 1331 2887; x_wconf 74' lang='lat' dir='ltr'><strong>ducta„</strong></span> 
     </span>
    </p>

    <p class='ocr_par' dir='ltr' id='par_1_13' title="bbox 194 2879 1313 3060">
     <span class='ocr_line' id='line_1_30' title="bbox 194 2879 1311 2967; baseline 0.003 -30"><span class='ocrx_word' id='word_1_216' title='bbox 194 2879 201 2888; x_wconf 85' lang='grc'><em>’</em></span> <span class='ocrx_word' id='word_1_217' title='bbox 327 2897 454 2940; x_wconf 85' lang='lat' dir='ltr'><strong>murum</strong></span> <span class='ocrx_word' id='word_1_218' title='bbox 470 2882 606 2966; x_wconf 72' lang='lat' dir='ltr'><strong>insuper</strong></span> <span class='ocrx_word' id='word_1_219' title='bbox 620 2879 780 2943; x_wconf 83' lang='lat' dir='ltr'><strong>excelsum</strong></span> <span class='ocrx_word' id='word_1_220' title='bbox 796 2879 1070 2967; x_wconf 82' lang='lat' dir='ltr'><strong>firmissimumque</strong></span> <span class='ocrx_word' id='word_1_221' title='bbox 1084 2879 1245 2944; x_wconf 76' lang='lat' dir='ltr'><strong>adstruxit.</strong></span> <span class='ocrx_word' id='word_1_222' title='bbox 1266 2881 1311 2942; x_wconf 92' lang='lat' dir='ltr'><strong>in-</strong></span> 
     </span>
     <span class='ocr_line' id='line_1_31' title="bbox 351 2961 1313 3060; baseline 0.002 -40"><span class='ocrx_word' id='word_1_223' title='bbox 351 2973 458 3022; x_wconf 87' lang='lat' dir='ltr'><strong>eutem</strong></span> <span class='ocrx_word' id='word_1_224' title='bbox 481 2961 626 3024; x_wconf 85' lang='lat' dir='ltr'><strong>laborem</strong></span> <span class='ocrx_word' id='word_1_225' title='bbox 646 2961 786 3060; x_wconf 90' lang='lat' dir='ltr'><strong>(quippe</strong></span> <span class='ocrx_word' id='word_1_226' title='bbox 804 2965 890 3026; x_wconf 84' lang='lat' dir='ltr'><strong>circu</strong></span> <span class='ocrx_word' id='word_1_227' title='bbox 903 2965 1065 3028; x_wconf 87' lang='lat' dir='ltr'><strong>Bruttium</strong></span> <span class='ocrx_word' id='word_1_228' title='bbox 1083 2963 1234 3046; x_wconf 76' lang='lat' dir='ltr'><strong>ungulum</strong></span> <span class='ocrx_word' id='word_1_229' title='bbox 1246 2963 1313 3022; x_wconf 85' lang='lat' dir='ltr'><strong>mil-</strong></span> 
     </span>
    </p>

    <p class='ocr_par' dir='ltr' id='par_1_14' title="bbox 326 2977 1313 3184">
     <span class='ocr_line' id='line_1_32' title="bbox 326 2977 1313 3184; baseline 0.003 -83"><span class='ocrx_word' id='word_1_230' title='bbox 326 2977 412 3104; x_wconf 76' lang='lat' dir='ltr'><strong>sibus</strong></span> <span class='ocrx_word' id='word_1_231' title='bbox 429 3044 572 3138; x_wconf 91' lang='lat' dir='ltr'><strong>quinque</strong></span> <span class='ocrx_word' id='word_1_232' title='bbox 591 3057 624 3106; x_wconf 89' lang='lat' dir='ltr'><strong>et</strong></span> <span class='ocrx_word' id='word_1_233' title='bbox 638 3043 771 3184; x_wconf 69' lang='lat' dir='ltr'><strong>trrqinta</strong></span> <span class='ocrx_word' id='word_1_234' title='bbox 785 3045 872 3107; x_wconf 85' lang='lat' dir='ltr'><strong>italia</strong></span> <span class='ocrx_word' id='word_1_235' title='bbox 889 3045 992 3142; x_wconf 89' lang='lat' dir='ltr'><strong>patet)</strong></span> <span class='ocrx_word' id='word_1_236' title='bbox 1005 3045 1099 3107; x_wconf 82' lang='lat' dir='ltr'><strong>brevi</strong></span> <span class='ocrx_word' id='word_1_237' title='bbox 1114 3057 1221 3106; x_wconf 87' lang='lat' dir='ltr'><strong>tamen</strong></span> <span class='ocrx_word' id='word_1_238' title='bbox 1237 3057 1313 3106; x_wconf 89' lang='lat' dir='ltr'><strong>tem·</strong></span> 
     </span>
    </p>

    <p class='ocr_par' dir='ltr' id='par_1_15' title="bbox 325 3123 1330 3212">
     <span class='ocr_line' id='line_1_33' title="bbox 325 3123 1330 3212; baseline 0.005 -31"><span class='ocrx_word' id='word_1_239' title='bbox 325 3139 409 3206; x_wconf 89' lang='lat' dir='ltr'><strong>pure</strong></span> <span class='ocrx_word' id='word_1_240' title='bbox 430 3136 586 3187; x_wconf 83' lang='lat' dir='ltr'><strong>aererrtna</strong></span> <span class='ocrx_word' id='word_1_241' title='bbox 603 3125 686 3188; x_wconf 89' lang='lat' dir='ltr'><strong>etin</strong></span> <span class='ocrx_word' id='word_1_242' title='bbox 712 3123 806 3188; x_wconf 79' lang='lat' dir='ltr'><strong>ustria</strong></span> <span class='ocrx_word' id='word_1_243' title='bbox 825 3126 917 3188; x_wconf 80' lang='lat' dir='ltr'><strong>duem</strong></span> <span class='ocrx_word' id='word_1_244' title='bbox 936 3127 1085 3212; x_wconf 82' lang='lat' dir='ltr'><strong>perfecit.</strong></span> <span class='ocrx_word' id='word_1_245' title='bbox 1135 3128 1203 3187; x_wconf 75' lang='lat' dir='ltr'><strong>Eos</strong></span> <span class='ocrx_word' id='word_1_246' title='bbox 1223 3127 1330 3187; x_wconf 54' lang='lat' dir='ltr'><strong>eona-i</strong></span> 
     </span>
    </p>

    <p class='ocr_par' dir='ltr' id='par_1_16' title="bbox 325 3204 1311 3302">
     <span class='ocr_line' id='line_1_34' title="bbox 325 3204 1311 3302; baseline 0.004 -39"><span class='ocrx_word' id='word_1_247' title='bbox 325 3215 379 3264; x_wconf 82' lang='lat' dir='ltr'><strong>tna</strong></span> <span class='ocrx_word' id='word_1_248' title='bbox 404 3225 422 3266; x_wconf 86' lang='lat' dir='ltr'><strong>a</strong></span> <span class='ocrx_word' id='word_1_249' title='bbox 443 3204 607 3302; x_wconf 85' lang='lat' dir='ltr'><strong>principie</strong></span> <span class='ocrx_word' id='word_1_250' title='bbox 637 3207 810 3292; x_wconf 82' lang='lat' dir='ltr'><strong>Spartacua</strong></span> <span class='ocrx_word' id='word_1_251' title='bbox 838 3207 1004 3271; x_wconf 81' lang='lat' dir='ltr'><strong>deriserat.</strong></span> <span class='ocrx_word' id='word_1_252' title='bbox 1029 3207 1118 3280; x_wconf 78' lang='lat' dir='ltr'><strong>ead,</strong></span> <span class='ocrx_word' id='word_1_253' title='bbox 1140 3207 1216 3281; x_wconf 91' lang='lat' dir='ltr'><strong>ubi,</strong></span> <span class='ocrx_word' id='word_1_254' title='bbox 1239 3227 1311 3270; x_wconf 89' lang='lat' dir='ltr'><strong>cun·</strong></span> 
     </span>
    </p>

    <p class='ocr_par' dir='ltr' id='par_1_17' title="bbox 326 3288 1313 3375">
     <span class='ocr_line' id='line_1_35' title="bbox 326 3288 1313 3375; baseline 0.008 -31"><span class='ocrx_word' id='word_1_255' title='bbox 326 3299 451 3372; x_wconf 73' lang='lat' dir='ltr'><strong>sumpta</strong></span> <span class='ocrx_word' id='word_1_256' title='bbox 473 3307 696 3372; x_wconf 76' lang='lat' dir='ltr'><strong>proximorum</strong></span> <span class='ocrx_word' id='word_1_257' title='bbox 717 3289 862 3353; x_wconf 85' lang='lat' dir='ltr'><strong>locurum</strong></span> <span class='ocrx_word' id='word_1_258' title='bbox 884 3290 1022 3375; x_wconf 90' lang='lat' dir='ltr'><strong>praeda,</strong></span> <span class='ocrx_word' id='word_1_259' title='bbox 1044 3310 1087 3351; x_wconf 91' lang='lat' dir='ltr'><strong>ne</strong></span> <span class='ocrx_word' id='word_1_260' title='bbox 1108 3288 1238 3351; x_wconf 83' lang='lat' dir='ltr'><strong>aiiunde</strong></span> <span class='ocrx_word' id='word_1_261' title='bbox 1258 3309 1313 3374; x_wconf 86' lang='lat' dir='ltr'><strong>pe·</strong></span> 
     </span>
    </p>

    <p class='ocr_par' dir='ltr' id='par_1_18' title="bbox 326 3369 1329 3542">
     <span class='ocr_line' id='line_1_36' title="bbox 326 3369 1329 3455; baseline 0.008 -31"><span class='ocrx_word' id='word_1_262' title='bbox 326 3377 398 3426; x_wconf 90' lang='lat' dir='ltr'><strong>tere</strong></span> <span class='ocrx_word' id='word_1_263' title='bbox 418 3383 628 3431; x_wconf 86' lang='lat' dir='ltr'><strong>commentum</strong></span> <span class='ocrx_word' id='word_1_264' title='bbox 650 3370 777 3453; x_wconf 69' lang='lat' dir='ltr'><strong>posset,</strong></span> <span class='ocrx_word' id='word_1_265' title='bbox 807 3371 1014 3436; x_wconf 86' lang='lat' dir='ltr'><strong>interclusum</strong></span> <span class='ocrx_word' id='word_1_266' title='bbox 1038 3392 1074 3434; x_wconf 85' lang='lat' dir='ltr'><strong>se</strong></span> <span class='ocrx_word' id='word_1_267' title='bbox 1096 3369 1329 3455; x_wconf 59' lang='lat' dir='ltr'><strong>obsessumque</strong></span> 
     </span>
     <span class='ocr_line' id='line_1_37' title="bbox 326 3445 1313 3542; baseline 0.008 -36"><span class='ocrx_word' id='word_1_268' title='bbox 326 3445 512 3533; x_wconf 80' lang='lat' dir='ltr'><strong>conspexit,</strong></span> <span class='ocrx_word' id='word_1_269' title='bbox 541 3449 592 3512; x_wconf 84' lang='lat' dir='ltr'><strong>bia</strong></span> <span class='ocrx_word' id='word_1_270' title='bbox 615 3466 749 3516; x_wconf 73' lang='lat' dir='ltr'><strong>conatus</strong></span> <span class='ocrx_word' id='word_1_271' title='bbox 770 3475 962 3542; x_wconf 84' lang='lat' dir='ltr'><strong>erumpere,</strong></span> <span class='ocrx_word' id='word_1_272' title='bbox 991 3468 1027 3517; x_wconf 91' lang='lat' dir='ltr'><strong>ut</strong></span> <span class='ocrx_word' id='word_1_273' title='bbox 1042 3455 1206 3519; x_wconf 87' lang='lat' dir='ltr'><strong>Samnium</strong></span> <span class='ocrx_word' id='word_1_274' title='bbox 1225 3467 1313 3536; x_wconf 90' lang='lat' dir='ltr'><strong>pete·</strong></span> 
     </span>
    </p>

    <p class='ocr_par' dir='ltr' id='par_1_19' title="bbox 325 3532 1316 3680">
     <span class='ocr_line' id='line_1_38' title="bbox 325 3532 1316 3680; baseline -0.01 -77"><span class='ocrx_word' id='word_1_275' title='bbox 325 3541 396 3602; x_wconf 87' lang='lat' dir='ltr'><strong>ret,</strong></span> <span class='ocrx_word' id='word_1_276' title='bbox 424 3551 537 3616; x_wconf 73' lang='lat' dir='ltr'><strong>magne</strong></span> <span class='ocrx_word' id='word_1_277' title='bbox 562 3551 634 3598; x_wconf 90' lang='lat' dir='ltr'><strong>eum</strong></span> <span class='ocrx_word' id='word_1_278' title='bbox 660 3533 752 3598; x_wconf 91' lang='lat' dir='ltr'><strong>clade</strong></span> <span class='ocrx_word' id='word_1_279' title='bbox 772 3535 816 3599; x_wconf 86' lang='lat' dir='ltr'><strong>est</strong></span> <span class='ocrx_word' id='word_1_280' title='bbox 834 3535 993 3680; x_wconf 71' lang='lat' dir='ltr'><strong>rqpulsue.</strong></span> <span class='ocrx_word' id='word_1_281' title='bbox 1032 3537 1091 3600; x_wconf 79' lang='lat' dir='ltr'><strong>sub</strong></span> <span class='ocrx_word' id='word_1_282' title='bbox 1112 3532 1246 3618; x_wconf 86' lang='lat' dir='ltr'><strong>primam</strong></span> <span class='ocrx_word' id='word_1_283' title='bbox 1269 3535 1316 3594; x_wconf 85' lang='lat' dir='ltr'><strong>ln-</strong></span> 
     </span>
    </p>

    <p class='ocr_par' dir='ltr' id='par_1_20' title="bbox 326 3613 1317 3694">
     <span class='ocr_line' id='line_1_39' title="bbox 326 3613 1317 3694; baseline 0.004 -23"><span class='ocrx_word' id='word_1_284' title='bbox 326 3627 397 3672; x_wconf 89' lang='lat' dir='ltr'><strong>cem</strong></span> <span class='ocrx_word' id='word_1_285' title='bbox 423 3631 481 3675; x_wconf 85' lang='lat' dir='ltr'><strong>aex</strong></span> <span class='ocrx_word' id='word_1_286' title='bbox 507 3613 615 3680; x_wconf 84' lang='lat' dir='ltr'><strong>amisit</strong></span> <span class='ocrx_word' id='word_1_287' title='bbox 641 3617 763 3694; x_wconf 87' lang='lat' dir='ltr'><strong>millia,</strong></span> <span class='ocrx_word' id='word_1_288' title='bbox 799 3620 860 3681; x_wconf 90' lang='lat' dir='ltr'><strong>toti</strong></span> <span class='ocrx_word' id='word_1_289' title='bbox 885 3639 936 3681; x_wconf 91' lang='lat' dir='ltr'><strong>em</strong></span> <span class='ocrx_word' id='word_1_290' title='bbox 969 3621 1042 3682; x_wconf 87' lang='lat' dir='ltr'><strong>sere</strong></span> <span class='ocrx_word' id='word_1_291' title='bbox 1070 3617 1177 3678; x_wconf 76' lang='lat' dir='ltr'><strong>nectit</strong></span> <span class='ocrx_word' id='word_1_292' title='bbox 1205 3616 1317 3690; x_wconf 83' lang='lat' dir='ltr'><strong>initi03</strong></span> 
     </span>
    </p>

    <p class='ocr_par' dir='ltr' id='par_1_21' title="bbox 326 3693 1328 3795">
     <span class='ocr_line' id='line_1_40' title="bbox 326 3695 1318 3795; baseline 0.002 -41"><span class='ocrx_word' id='word_1_293' title='bbox 326 3711 425 3773; x_wconf 81' lang='lat' dir='ltr'><strong>quum</strong></span> <span class='ocrx_word' id='word_1_294' title='bbox 446 3695 529 3760; x_wconf 86' lang='lat' dir='ltr'><strong>adeo</strong></span> <span class='ocrx_word' id='word_1_295' title='bbox 555 3696 663 3763; x_wconf 78' lang='lat' dir='ltr'><strong>facilia</strong></span> <span class='ocrx_word' id='word_1_296' title='bbox 690 3701 769 3764; x_wconf 86' lang='lat' dir='ltr'><strong>esset</strong></span> <span class='ocrx_word' id='word_1_297' title='bbox 785 3700 939 3764; x_wconf 82' lang='lat' dir='ltr'><strong>Romania</strong></span> <span class='ocrx_word' id='word_1_298' title='bbox 959 3702 1033 3762; x_wconf 89' lang='lat' dir='ltr'><strong>loco</strong></span> <span class='ocrx_word' id='word_1_299' title='bbox 1054 3697 1173 3778; x_wconf 69' lang='lat' dir='ltr'><strong>adjutis</strong></span> <span class='ocrx_word' id='word_1_300' title='bbox 1193 3716 1318 3795; x_wconf 83' lang='lat' dir='ltr'><strong>pugna,</strong></span> 
     </span>
    </p>

    <p class='ocr_par' dir='ltr' id='par_1_22' title="bbox 323 3781 1319 3868">
     <span class='ocr_line' id='line_1_41' title="bbox 323 3781 1319 3868; baseline 0.005 -33"><span class='ocrx_word' id='word_1_301' title='bbox 323 3788 359 3836; x_wconf 91' lang='lat' dir='ltr'><strong>ut</strong></span> <span class='ocrx_word' id='word_1_302' title='bbox 383 3791 508 3864; x_wconf 79' lang='lat' dir='ltr'><strong>septem</strong></span> <span class='ocrx_word' id='word_1_303' title='bbox 531 3794 653 3844; x_wconf 88' lang='lat' dir='ltr'><strong>tantum</strong></span> <span class='ocrx_word' id='word_1_304' title='bbox 678 3783 810 3868; x_wconf 77' lang='lat' dir='ltr'><strong>gemino</strong></span> <span class='ocrx_word' id='word_1_305' title='bbox 831 3803 871 3846; x_wconf 87' lang='lat' dir='ltr'><strong>ec</strong></span> <span class='ocrx_word' id='word_1_306' title='bbox 892 3781 1021 3866; x_wconf 86' lang='lat' dir='ltr'><strong>proelio</strong></span> <span class='ocrx_word' id='word_1_307' title='bbox 1041 3781 1218 3853; x_wconf 76' lang='lat' dir='ltr'><strong>vulnerati,</strong></span> <span class='ocrx_word' id='word_1_308' title='bbox 1246 3793 1319 3842; x_wconf 82' lang='lat' dir='ltr'><strong>tres</strong></span> 
     </span>
    </p>
   </div>
   <div class='ocr_carea' id='block_1_5' title="bbox 355 3982 1327 4065">
    <p class='ocr_par' dir='ltr' id='par_1_23' title="bbox 355 3982 1327 4065">
     <span class='ocr_line' id='line_1_42' title="bbox 355 3982 1327 4065; baseline -0.019 -6"><span class='ocrx_word' id='word_1_309' title='bbox 355 3982 1327 4065; x_wconf 48' lang='lat' dir='ltr'><strong>Qfflmwmmfflmmmr</strong></span> 
     </span>
    </p>
   </div>
   <div class='ocr_carea' id='block_1_6' title="bbox 316 4005 1324 4192">
    <p class='ocr_par' dir='ltr' id='par_1_24' title="bbox 316 4005 1324 4192">
     <span class='ocr_line' id='line_1_43' title="bbox 316 4005 1324 4192; baseline 0.006 -85"><span class='ocrx_word' id='word_1_310' title='bbox 316 4049 400 4192; x_wconf 40' lang='lat' dir='ltr'><strong>gipsi·</strong></span> <span class='ocrx_word' id='word_1_311' title='bbox 432 4055 504 4128; x_wconf 85' lang='lat' dir='ltr'><strong>Cap.</strong></span> <span class='ocrx_word' id='word_1_312' title='bbox 520 4057 620 4114; x_wconf 75' lang='lat' dir='ltr'><strong>xutll.</strong></span> <span class='ocrx_word' id='word_1_313' title='bbox 638 4005 711 4115; x_wconf 77' lang='lat' dir='ltr'><strong>sati.</strong></span> <span class='ocrx_word' id='word_1_314' title='bbox 727 4059 798 4120; x_wconf 74' lang='lat' dir='ltr'><strong>tiit.</strong></span> <span class='ocrx_word' id='word_1_315' title='bbox 815 4063 843 4134; x_wconf 76' lang='grc'><strong>4,</strong></span> <span class='ocrx_word' id='word_1_316' title='bbox 862 4063 904 4123; x_wconf 81' lang='lat' dir='ltr'><strong>td·</strong></span> <span class='ocrx_word' id='word_1_317' title='bbox 923 4061 1050 4138; x_wconf 72' lang='lat' dir='ltr'><strong>Appiau.</strong></span> <span class='ocrx_word' id='word_1_318' title='bbox 1066 4062 1144 4118; x_wconf 85' lang='lat' dir='ltr'><strong>Plut.</strong></span> <span class='ocrx_word' id='word_1_319' title='bbox 1163 4059 1241 4116; x_wconf 79' lang='lat' dir='ltr'><strong>Flcr.</strong></span> <span class='ocrx_word' id='word_1_320' title='bbox 1258 4059 1324 4132; x_wconf 73' lang='lat' dir='ltr'><strong>Ap·</strong></span> 
     </span>
    </p>
   </div>
   <div class='ocr_carea' id='block_1_7' title="bbox 0 0 1344 4690">
    <p class='ocr_par' dir='ltr' id='par_1_25' title="bbox 0 0 1344 4690">
     <span class='ocr_line' id='line_1_44' title="bbox 0 0 1344 4690; baseline 0 3"><span class='ocrx_word' id='word_1_321' title='bbox 0 0 1344 4690; x_wconf 95' lang='lat' dir='ltr'><strong> </strong></span> 
     </span>
    </p>
   </div>
  </div>
 </body>
</html>
