2654 4690
285 291 344 364 eoa
384 283 665 350 rnetnsnenn
680 251 1179 376 soeruenenroaunen.
1191 277 1269 344 nv.
1307 314 1309 430 ι

154 497 270 563 .c.670.
285 491 432 578 Quirites,
454 509 500 570 ego
512 484 597 566 joelli.
627 485 759 545 dimiteite
776 483 905 544 hominem
922 485 1066 552 dictatoris
1084 493 1198 572 imperio
1215 488 1281 570 olse-

155 567 258 627 .c.ta.
304 593 409 633 unmm.
454 568 591 633 Addidit
616 566 736 629 deinde
761 566 976 633 atrociilimae
1003 570 1090 637 inter
1115 572 1282 636 retationic

285 597 444 720 inbutam:
474 651 612 730 Rusticum
628 671 645 708 a
661 649 793 732 pediculis
812 650 947 730 croesum,
972 673 1054 734 quum
1066 598 1152 740 [eina
1168 660 1282 714 iterum.
1310 682 1311 762 ι

286 759 338 821 que
355 733 503 796 teotoniam
517 729 669 817 purgoffet,
699 732 825 804 medem,
852 729 1004 816 tte'saepius
1018 741 1211 799 intermittere
1225 753 1284 816 opus
1310 787 1311 796 ,

188 886 192 898 η
287 837 444 902 cogeretur,
467 835 577 876 exutam
598 833 657 875 cum
675 811 739 896 ipfis
755 815 912 875 vermiculis
930 817 1046 899 iep'eciffl
1064 825 1094 879 in
1114 824 1215 903 igerem.
1253 817 1287 877 Et

287 922 351 984 ego,
377 899 502 983 inquit,
530 895 836 967 monitumnonitum,
857 917 890 956 ne
911 903 1026 960 terrim
1046 901 1210 970 ittknieutes
1227 917 1286 980 opus
1311 864 1312 946 l

214 985 219 1010 l
287 983 409 1044 incendio
435 981 559 1040 habeant.
601 981 647 1040 Ita
673 973 828 1073 depulso,
857 999 954 1062 quern
978 983 1193 1046 certiliintum
1216 1001 1313 1068 con·1

246 1077 248 1082 '
274 1063 390 1153 ‘sulem
407 1061 481 1126 lore
503 1080 616 1124 omnes
636 1057 863 1130 crediderant,
885 1064 930 1122 M.
946 1065 1074 1128 Tullius
1093 1069 1135 1128 tt.
1149 1066 1185 1132 F.-
1201 1065 1240 1124 A.
1253 1067 1288 1126 N.
1312 1069 1313 1092 l

287 1145 423 1218 Decula,
447 1145 506 1206 Cn.
523 1142 696 1205 Cornelius
709 1139 879 1204 Dolabella
896 1146 1010 1218 creati,
1032 1167 1151 1210 nomen
1164 1146 1287 1216 verius,

313 1247 384 1288 uam
408 1225 618 1310 dignitatem,
652 1221 835 1286 conluletus
867 1241 1075 1311 acceperunt.
1126 1231 1210 1291 Nam
1237 1232 1314 1288 eos*

289 1251 451 1380 dictator,
483 1305 601 1392 viginti
623 1319 762 1392 quatuor
784 1303 958 1370 lictoribus
982 1322 1015 1370 et
1034 1329 1147 1391 magna
1167 1309 1289 1371 satelli·

292 1410 360 1459 tutu
376 1389 471 1454 turha
484 1385 626 1474 stipatus,
648 1383 804 1472 potestate
826 1388 922 1472 plane
945 1391 1035 1475 regia
1057 1391 1290 1476 praeminebat.

75 1489 78 1520 ⁸
117 1528 154 1586 U·
173 1527 280 1593 θοόν·
354 1538 426 1600 XV.
455 1535 557 1597 lnitio
587 1528 657 1614 ejus
685 1533 761 1595 unni
785 1533 823 1594 L.
843 1535 1017 1598 Cornelius
1037 1539 1126 1600 Sulla
1153 1537 1294 1599 dictator

117 1596 272 1722 ξιιξηιξῑ·
297 1619 338 1683 aa
360 1615 549 1686 morione
577 1635 657 1700 rege
684 1613 883 1700 triumphum
913 1619 1014 1680 auxit.
1056 1623 1092 1682 ιη
1120 1641 1187 1702 qno
1215 1617 1293 1679 tina

105 1681 502 1794 0„·0„,}231audabiliter
522 1698 562 1761 ab
582 1718 623 1760 eo
641 1699 778 1771 factum,
801 1697 890 1782 quoti
907 1721 1013 1784 neque
1031 1700 1238 1787 triumphare
1256 1700 1293 1762 de

106 1774 233 1862 110'00ff,
298 1783 425 1848 civibus
451 1779 575 1856 voluit,
607 1801 798 1868 quemquam
825 1779 1013 1866 ingentibus
1043 1803 1158 1846 eornm
1188 1783 1295 1866 copiis

128 1863 483 1954 Triuupinprollratis3
506 1878 555 1938 et,
579 1867 677 1948 quum
694 1863 792 1926 Asiae
812 1863 1035 1948 Graeciaeque
1057 1865 1172 1930 multus
1196 1867 1295 1928 urbes

107 1944 139 1998 δ’
158 1940 271 1996 Mithri·
296 1944 540 2020 transveheret,
563 1946 686 2006 nullum
706 1945 825 2010 civium
843 1947 1062 2010 Romanorum
1082 1948 1243 2044 oppidum
1265 1947 1296 2006 in

107 2015 181 2096 Μ·
227 2073 272 2128 ι..
299 2051 337 2093 ea
352 2049 469 2115 pompa
489 2027 630 2114 spectari
647 2029 753 2112 pallus
769 2023 821 2092 est.
863 2029 1016 2090 Ceterum
1032 2029 1226 2113 magnificus
1243 2053 1297 2112 ap-

135 2081 205 2200 El'i}
226 2091 284 2198 „2
320 2125 410 2174 aratu
438 2109 640 2196 ferculisque
668 2107 849 2194 triumphus
874 2109 953 2182 fuit,
1013 2133 1086 2194 num
1108 2112 1198 2174 inter
1219 2133 1299 2193 opu-

108 2166 206 2286 ἦ,
213 2230 285 2286 1¹⁰⁸·-
297 2136 463 2256 lentisstmi
481 2192 570 2277 regis
589 2193 765 2276 spoliares
807 2189 945 2254 retiolae
960 2133 1093 2278 viluque
1113 2214 1209 2256 rarae
1229 2193 1301 2254 lon-

106 2302 156 2356 μ.
226 2323 229 2330 ,
299 2297 341 2374 go
368 2273 484 2337 ordine
507 2288 728 2359 portarentur.
797 2273 837 2336 ed
855 2275 945 2335 nullo
963 2275 1085 2355 majore
1105 2289 1304 2338 ornamento

299 2354 451 2420 illustrata
465 2377 584 2442 pompa
602 2354 662 2426 eit,
686 2376 780 2440 quam
799 2354 886 2440 quod
903 2369 1008 2418 tantus
1027 2356 1303 2420 nobilissimorucn

298 2440 448 2506 virorum
466 2458 638 2509 numerus,
661 2458 743 2522 quoa
761 2459 778 2498 a
794 2437 936 2500 Mariana
957 2437 1099 2501 lectione
1115 2439 1231 2524 pulsos
1250 2459 1302 2498 re-

299 2520 453 2594 duxerat,
476 2521 547 2582 ine
567 2520 623 2582 'uis
644 2540 774 2582 currum
792 2517 861 2600 ejus
881 2521 1111 2604 sequebantur,
1127 2521 1305 2603 [maiorem

301 2623 329 2664 et
349 2622 456 2686 panem
479 2542 697 2688 appdilantes:
728 2601 781 2664 cui
802 2617 969 2686 acceptum
988 2603 1197 2678 referebant,
1230 2601 1305 2682 quod

301 2685 427 2769 adspectu
446 2705 568 2768 patriae,
609 2686 664 2746 unt
680 2681 817 2766 complexu
835 2679 1028 2762 eariffimrum
1043 2689 1207 2770 pignorum,
1231 2681 1306 2766 quod

302 2769 416 2848 denique
434 2772 564 2827 commenti
583 2707 633 2826 iilo
651 2765 708 2826 lnce
718 2766 898 2848 meatur.
940 2765 1047 2828 Biduo
1069 2767 1305 2852 triumphavit,

301 2863 375 2912 unte
403 2847 489 2911 diem
517 2863 665 2932 quartum
693 2861 726 2909 et
753 2847 885 2909 tertium
907 2847 1066 2911 Kalendas
1089 2847 1306 2911 Februariae.

301 2933 405 3016 prima
428 2932 483 2993 die
507 2931 672 2993 transtulit
695 2928 767 2990 auri
786 2927 894 3012 pondo
913 2929 1100 3024 quindecim
1118 2931 1240 3002 millia,
1276 2944 1310 2992 et

301 3013 428 3096 augenti
453 3012 563 3098 pondo
583 3027 712 3074 eentum
735 3023 769 3070 ct
787 3010 974 3094 quindecim
992 3013 1110 3075 millia:
1141 3011 1309 3097 postridie

300 3093 461 3158 tredecim
491 3095 591 3158 millia
618 3092 729 3178 pondo
758 3092 844 3163 auri,
876 3115 957 3178 quae
983 3094 1092 3175 junior
1111 3095 1241 3157 Matius
1270 3115 1311 3155 ex

302 3177 504 3260 Capitolinae
523 3177 613 3238 aedis
632 3173 805 3246 incendio,
827 3177 1014 3260 ceterisque
1033 3175 1178 3238 delubris
1198 3177 1312 3238 omni-

301 3258 361 3320 bus
383 3257 554 3322 Praeneste
573 3258 753 3329 detulerat,
783 3277 864 3341 quae
887 3271 920 3318 et
942 3258 1001 3320 suli
1022 3279 1062 3320 eo
1081 3259 1175 3320 titulo
1197 3271 1313 3320 trans-

301 3341 364 3402 lata
388 3356 479 3416 cunt,
511 3355 545 3403 et
572 3339 699 3402 arenti
730 3353 855 3422 septem
882 3340 983 3401 millia
1010 3339 1132 3426 pondo.
1178 3343 1315 3403 Exacto

303 3421 488 3506 triumpho,
521 3423 562 3485 de
582 3443 619 3483 re
644 3443 681 3483 us
699 3421 767 3483 suis
785 3441 846 3504 pro
865 3423 1023 3485 concione
1041 3421 1208 3498 diffranit,
1241 3445 1316 3484 non

301 3505 409 3566 minus
427 3503 604 3590 diligenter
623 3519 796 3578 enarrans,
820 3523 901 3587 quae
919 3503 1081 3578 feliciter,
1105 3525 1203 3588 quam
1225 3527 1317 3590 quae

304 3587 439 3650 fortiter
458 3587 604 3651 feciiiett
638 3605 725 3668 eoque
736 3586 769 3644 de
785 3585 872 3664 cauffo
890 3606 1002 3668 aequum
1020 3586 1110 3648 videri
1129 3585 1233 3660 dixit,
1261 3611 1315 3659 nt,

299 3669 376 3750 *quod
392 3691 590 3746 cogetomeutum
611 3689 701 3728 recens
717 3665 885 3746 adsciverat,
907 3669 940 3728 ab
957 3669 1078 3728 omnibus
1094 3669 1175 3730 Felix
1193 3689 1320 3730 vocare-

225 3793 239 3832 ,
304 3771 364 3812 rur.
408 3750 474 3815 Sed
496 3751 704 3814 ed·Graecos
728 3747 877 3810 scribens
897 3747 1115 3830 Epaphroditum
1136 3771 1173 3814 se
1195 3753 1320 3837 appel.

304 3833 406 3897 labat:
441 3835 635 3920 positaeque
658 3843 732 3895 sunt
755 3827 805 3890 illi
828 3849 901 3892 cum
921 3829 981 3894 hac
1002 3831 1223 3920 inscriptione
1245 3849 1320 3899 sta-

303 3931 389 3978 tuce.

306 4057 644 4074 W

342 4123 415 4192 Cap.
429 4120 494 4174 XV.
512 4119 588 4174 Plut.
606 4116 673 4173 Val.
690 4117 766 4172 Max.
784 4133 811 4185 a,
824 4115 853 4172 8.
870 4115 947 4171 Plut.
965 4114 1039 4170 Fasti
1054 4114 1153 4188 Capit.
1172 4111 1253 4168 Ptin.
1266 4113 1320 4180 33,

308 4209 333 4246 t.
352 4189 428 4246 Plut.
447 4192 559 4246 Auctor
576 4187 612 4246 de
629 4187 700 4245 viris
716 4187 819 4246 illustr.
835 4185 866 4242 in
881 4185 952 4245 Sull.
968 4183 1098 4261 Appiae.
1117 4181 1198 4242 Plut.
