2680 4690
249 217 294 282 m
315 213 465 284 toccu
484 215 566 278 uta.
588 212 729 286 xcvttt.
755 215 868 285 mvn.
992 223 1053 300 aaa

57 425 231 488 Sextilium
248 425 391 510 legatum
408 443 480 488 cum
498 421 588 488 miIle
606 425 769 490 sexcentis
789 425 973 508 equitibus,
993 430 1054 493 mi·
1085 433 1119 488 tt.
1131 453 1157 490 c.
1169 435 1230 494 ⁶83.

55 505 217 592 litemque
239 521 272 570 et
289 507 423 570 velitum
439 507 526 570 haud
543 507 644 570 multo
666 510 788 592 majore
807 528 942 572 numero
959 533 1055 596 prae-
1084 505 1220 578 acmo.

56 589 166 667 misit3
188 587 356 664 mandato,
378 609 426 664 ut,
448 609 530 672 quam
546 591 782 672 appropinquuffet
795 589 893 667 hostis,
916 598 987 654 citra
1001 614 1055 676 pu.

51 691 123 752 gisae
134 674 295 752 'perit-ulum
319 673 464 732 distinam
486 689 562 745 eum,
586 671 669 732 datter
687 676 791 734 nsuttira
810 669 859 751 effe
876 673 963 752 castra
979 673 1056 736 didi.

54 749 138 830 ciffet.
181 751 357 838 Imperium
380 749 473 816 ducis
495 773 593 838 quum
614 772 747 818 servare
765 751 921 828 Sextilius
941 757 1053 832 vellet,
1075 761 1243 836 Superatis-

54 832 181 918 impetu
202 835 362 899 ferociter
385 833 616 898 invehentium
630 855 667 898 se
685 835 821 898 hostium
840 835 995 902 dimicare
1010 838 1055 902 est
1067 833 1156 912 ''W'‘
1170 853 1224 887 Μ’·

55 929 200 979 coactus.
224 939 267 1003 pu
292 939 330 978 na
351 915 506 1016 prospera
524 914 679 979 Romanis
701 917 775 980 luit.
817 917 1053 984 Mithrobarua-
1067 899 1152 956 ‘W‘

53 1017 113 1059 nes
132 998 166 1058 in
184 937 314 1084 proedo
329 997 467 1062 cecidit:
489 996 620 1061 barbari
636 999 787 1084 plerique
801 999 965 1082 fugientes
981 1024 1053 1067 cae-

55 1079 103 1140 si:
127 1081 223 1164 pauci
240 1080 280 1144 sd
297 1075 409 1166 r'egem
427 1078 597 1144 redierunt
612 1079 803 1144 incolumes.
833 1085 876 1156 la,
898 1083 961 1144 hoc
975 1107 1057 1148 nun-

54 1159 106 1222 cio
127 1161 280 1238 territus,
302 1183 409 1248 neque
429 1163 536 1226 minus
557 1183 642 1225 stunc
660 1163 698 1224 ad
715 1165 867 1226 timorem
885 1187 1057 1254 praeceps,

53 1261 151 1326 quam
173 1245 283 1326 paullo
304 1259 377 1307 autc
405 1245 558 1330 superbia
579 1244 865 1318 contaminarat,
898 1248 1057 1330 Tigrano-

53 1338 146 1386 certa
161 1325 308 1389 Mancaei
330 1325 410 1389 fidei
431 1327 613 1390 committit.
644 1323 714 1412 ipse
738 1327 778 1387 ad
799 1330 939 1393 Taurum
964 1351 1056 1394 mon·

51 1417 120 1466 tem
143 1429 178 1470 sa
199 1409 338 1482 confert,
362 1429 475 1470 omnes
494 1409 627 1494 imperii
646 1409 736 1475 vires
756 1429 796 1472 eo
817 1423 1055 1489 contracturus,
1127 1441 1129 1448 ·
1239 1451 1241 1458 ι

50 1487 245 1552 Mithridate
265 1510 394 1578 quoque
414 1505 579 1554 revocato.

111 1595 263 1663 XXXVI.
285 1597 439 1660 Lucullus
460 1597 585 1662 interea
602 1579 735 1672 urbam,
759 1595 793 1658 in
814 1619 875 1684 qua
896 1601 1051 1684 concubi
1083 1611 1215 1688 Tigranes

51 1694 109 1738 nas
136 1677 226 1760 regis
247 1675 411 1743 adservari
435 1681 620 1754 audiverat,
644 1677 829 1754 obsidebat,
853 1683 992 1746 Sextilio
1010 1685 1238 1748 adunabitur*

52 1757 289 1853 Tigranocerta
308 1759 503 1841 claudenda,
526 1763 599 1826 aliis
621 1783 752 1846 quoque
769 1761 906 1827 ducibus
926 1765 1048 1830 circum
1062 1757 1246 1836 suasertptea.

52 1835 236 1924 insigniora
254 1839 377 1906 castella
396 1845 544 1908 dimitiis.
585 1847 757 1906 Mancaeus
772 1845 943 1909 Sextilium
958 1869 1049 1912 arce·
1061 1823 1114 1944 ν’
1125 1839 1229 1944 ‘'⁸³:⁶⁸‘'

51 1937 88 1981 re
111 1921 302 1986 instituerat.
339 1925 415 1999 sed,
444 1925 592 2010 repullixa
613 1924 699 1988 iutra
716 1927 863 2002 moenia,
893 1929 1050 1993 suburba-
1075 1909 1190 1946 ’Μ’

1 2059 3 2078 ,
50 2019 125 2062 uam
145 2005 278 2088 ,regiam
307 2003 426 2091 diripi,
460 2001 561 2092 seque
589 2021 623 2070 et
650 2005 764 2070 urbem
793 2009 1048 2088 circumvallari,

50 2083 169 2148 adduci
196 2087 376 2162 machinas,
400 2087 502 2152 effodi
526 2089 694 2168 cuniculos
718 2089 803 2152 tulit.
844 2093 970 2155 Interea
993 2115 1050 2157 sex

51 2167 198 2248 equitum
216 2167 334 2246 millia,
357 2169 438 2251 juffu
456 2169 609 2256 Tigranis
630 2169 670 2232 ad
690 2167 886 2234 concubinas
905 2174 1050 2258 eripien-

51 2243 107 2307 das
133 2248 299 2332 proiecta,
330 2273 391 2336 per
412 2251 535 2316 medias
551 2256 770 2316 Romanorum
790 2255 920 2340 copias,
951 2277 1049 2340 quum

49 2327 157 2391 imbre
190 2333 377 2415 sagittarum
410 2333 594 2396 clausiss'ent
621 2333 664 2396 iis
692 2333 832 2408 exitum,
867 2335 1050 2400 eduxerunt
1140 2336 1143 2342 ’

48 2411 226 2486 mulieres,
248 2415 548 2500 praemiseruntque
566 2437 628 2500 per
643 2429 782 2478 noctem.
813 2415 890 2490 sed,
913 2431 983 2481 orta
999 2421 1049 2482 Iu-

49 2511 106 2565 cc,
142 2495 362 2581 Romanisque
385 2511 418 2560 et
436 2497 601 2566 Thracum
619 2496 749 2560 auxiliis
768 2499 929 2562 acerrime
949 2521 1049 2584 proc·

46 2573 224 2648 liantibus,
254 2599 303 2639 ma
328 2601 367 2640 na
391 2577 564 2640 multitudo
581 2577 812 2640 Armeniorum
833 2581 923 2642 caesa
941 2595 1049 2664 capta·

48 2675 132 2738 que,
163 2599 369 2742 praemissltm
392 2673 497 2722 tamen
516 2680 650 2744 agmen,
680 2659 755 2744 quia
772 2659 834 2739 jam
850 2661 1048 2746 aliquantum

46 2737 120 2802 viae
141 2757 374 2827 praeceperat,
398 2741 521 2804 in‘loca
539 2755 607 2804 tuta
624 2743 785 2826 pervenit.

106 2845 272 2914 XXXVII.
293 2849 338 2928 At
359 2847 532 2923 Lucullus,
553 2867 595 2910 ne
616 2847 753 2932 spatium
774 2845 847 2932 regi
865 2847 1046 2932 parotium

44 2925 343 2992 contrahendarum
362 2931 480 2994 virium
501 2927 713 3003 concederet,
734 2933 899 2992 Murenam
918 2931 957 2992 ad
973 2951 1044 2993 car·

41 3007 194 3091 pendes,
216 3011 274 3095 qui
289 3013 332 3074 ad
349 3012 439 3074 illum
459 3009 699 3084 accelerabant,
720 3005 819 3074 misit.
855 3013 927 3095 ipae
946 3033 1044 3098 quum

40 3089 84 3152 ad
102 3091 339 3188 Tigranocerta
357 3095 504 3168 ventitat,
527 3093 695 3156 Sextilium
714 3113 888 3156 occurrere
902 3095 1044 3155 Arabum

41 3173 207 3236 exercitui
231 3173 335 3253 iuuit,
357 3176 424 3260 'qui
448 3171 564 3258 conjuu
590 3195 645 3238 ere
668 3195 703 3236 se
725 3175 859 3256 Tigrani
878 3173 1040 3260 cupiebat.

39 3255 86 3316 Et
114 3253 234 3316 horum
261 3255 412 3342 plerique
443 3277 546 3342 oppra
575 3280 586 3316 t
613 3269 687 3318 sunt
713 3278 732 3318 a
756 3255 910 3330 SextiIIo,
944 3277 1042 3341 quum

38 3337 134 3400 sorte
164 3335 263 3405 castre
292 3339 490 3422 ponentibus
521 3337 766 3423 superveniffet.
817 3342 971 3413 Murena,
1007 3339 1042 3400 in

36 3431 132 3481 arcta
153 3417 288 3504 quadam
307 3434 339 3482 et
356 3421 546 3506 confragosa
560 3419 644 3481 valle
659 3419 830 3502 Tigranem
846 3433 969 3492 nactus,
991 3422 1061 3482 lo.-

35 3521 79 3562 co
101 3499 268 3562 audaciam
287 3500 400 3577 dante,
424 3501 586 3565 conseruit
605 3521 735 3562 manus:
751 3507 863 3583 ‘neque
883 3522 1040 3584 spernen-

35 3583 77 3644 da
90 3583 237 3646 victoria
247 3579 382 3666 potit'us,
398 3583 642 3670 impedimentis
656 3581 803 3643 omnibus
814 3601 925 3664 regem
938 3583 1037 3646 exuit.

101 3669 284 3754 'ttxxvnt
315 3689 382 3752 Sed
402 3691 575 3764 Lucullus,
605 3701 640 3752 ut
661 3688 700 3752 ad
725 3707 863 3770 pugnam
885 3707 958 3748 eum
977 3688 1037 3750 eli·
1059 3667 1234 3726 lmulffi'

32 3785 155 3846 aeret,
178 3773 301 3834 acriter
315 3773 548 3855 Tigranocerta
565 3773 751 3857 premebat,
773 3789 839 3830 uon
860 3770 931 3832 siue
947 3754 1207 3878 P01'i·d;;:g⁰l‘dd⁰

56 3983 150 4064 cap.
167 3983 284 4037 xxxv.
308 3979 435 4054 apaten.
458 3983 535 4064 etita.
573 3981 643 4104 cap
659 3979 957 4064 xxttvuptennon.
975 3979 1035 4060 ap·

32 4070 121 4124 pean.
148 4051 301 4105 Memnon.
337 4053 408 4123 Cap.
428 4051 571 4111 xxxtll.
597 4053 672 4106 Put.
699 4049 840 4124 Xiphtltu.
866 4049 941 4104 utut.
970 4047 1032 4132 Cic.

32 4139 93 4194 pro
110 4124 194 4178 Mur.
216 4137 242 4175 c.
255 4139 282 4186 ι).
302 4119 379 4174 Plut.

737 4187 879 4260 Cea·
